2872 4666
614 81 854 144 -111-

170 294 265 358 {non
298 295 461 376 repetunt
495 293 559 357 nisi
588 311 608 358 e
631 293 785 356 naturali
808 293 962 376 quadam
985 295 1185 360 defectuum
1208 295 1267 358 ab·

199 401 319 466 notia
366 397 586 483 Quapropter
609 401 670 464 illa
693 399 875 483 integritas
898 400 984 465 nihil
1007 401 1102 466 aliud
1124 405 1178 467 est
1201 402 1268 466 nisi

204 508 343 591 quidam
374 525 420 573 ex
452 508 528 589 ipsa
561 508 736 573 humanae
768 511 918 572 naturae
942 508 1186 574 constitutione
1209 528 1266 574 ex-

203 632 329 699 urgens
353 619 500 697 pacatus
523 632 568 679 ac
592 614 762 696 pacificus
791 615 944 679 omnium
968 616 1115 680 hominis
1138 616 1268 682 virium

201 726 322 805 status,
355 740 458 805 quem
490 724 719 788 communiter
742 722 870 787 virium
895 723 1186 788 harmoniam
1209 742 1268 788 vo·

199 828 326 909 cant¹t
363 826 504 894 Certum
527 833 579 894 est
601 847 719 894 russos
742 830 823 894 huic
848 830 1049 894 harmoniae
1072 832 1269 895 immunita·

198 942 268 1002 tem
302 955 440 1020 quoque
462 955 484 1000 a
508 938 790 1018 concupiscentia
813 937 1001 1004 includere.
1028 938 1164 1003 Etenim
1187 957 1270 1003 cum

198 1044 241 1110 de
265 1043 416 1126 sequelis
438 1044 574 1126 peccati
598 1044 776 1127 originalis
800 1048 918 1136 agunt,
948 1045 1269 1126 concupiscentiam

200 1151 322 1216 dicunt
336 1152 603 1216 abominabilem
618 1153 653 1216 in
668 1151 777 1217 oculis
792 1152 865 1234 Dei,
880 1157 1067 1234 peceatum
1080 1151 1109 1232 ¹).
1134 1153 1273 1217 Primus

200 1262 319 1324 autem
343 1259 444 1322 homo
462 1259 587 1341 prodiit
610 1278 629 1323 e
653 1260 813 1323 manibus
833 1259 897 1324 Dei
916 1261 990 1325 sine
1010 1264 1164 1342 peccato,
1187 1279 1270 1342 ergo

201 1369 231 1428 et
254 1365 334 1430 sine
357 1366 649 1449 concupiscentia.

308 1472 415 1537 quta
435 1473 608 1557 theologos
628 1475 817 1538 catholicos
832 1475 960 1538 donum
974 1475 1183 1555 integritatis
1202 1494 1269 1539 non

199 1580 360 1646 consistit
382 1581 418 1644 iu
441 1581 599 1646 carentia
616 1582 724 1663 ipsius
743 1581 924 1665 potentiae,
948 1586 1050 1665 prout
1069 1581 1271 1664 simpliciter

194 1695 247 1754 est
274 1687 334 1751 vis
353 1687 514 1753 tendendi
532 1689 568 1752 in
586 1690 715 1753 bonum
733 1688 905 1770 sensibile;
929 1707 1042 1772 neque
1060 1690 1095 1753 in
1114 1690 1272 1754 carentia

188 1800 357 1875 actuum,
381 1794 440 1877 qui
463 1804 545 1860 cuni
568 1798 722 1879 perfecto
740 1796 859 1862 ordine
878 1797 922 1860 ad
941 1796 1112 1861 rationem
1130 1796 1166 1859 in
1184 1796 1271 1859 illud

185 1903 359 1970 tendunt.
406 1901 472 1968 Sed
508 1902 594 1967 illud
631 1904 759 1968 donum
796 1904 953 1968 consistit
985 1904 1021 1967 in
1053 1903 1272 1985 exemptione

179 2026 208 2076 a
237 2009 400 2074 motibus
423 2012 596 2093 appetitus
620 2012 785 2093 sensitivi,
808 2012 868 2095 qui
886 2012 932 2076 ad
951 2012 1083 2076 malum
1102 2010 1273 2075 inclinant

179 2119 256 2185 vel
294 2135 319 2180 a
348 2117 445 2198 bono¹
467 2119 661 2201 retardant;
699 2123 872 2203 quatenus
909 2119 1053 2183 rationis
1090 2118 1274 2199 imperium

180 2224 439 2307 praeveniunt
471 2226 530 2290 vel
562 2227 672 2291 eidem
705 2226 879 2292 resistunt.
925 2225 1016 2289 Illud
1049 2225 1177 2289 donum
1207 2242 1274 2287 non

184 2333 319 2398 solum
342 2333 481 2397 actuale
503 2336 556 2397 est
579 2333 639 2397 sed
662 2333 768 2398 etiam
791 2333 978 2412 habituale,
998 2332 1099 2396 homo
1122 2331 1214 2396 enim
1232 2349 1273 2395 eo

185 2441 399 2505 instructus
422 2458 491 2504 non
514 2442 614 2505 modo
637 2442 682 2504 ab
705 2440 773 2504 illis
797 2441 946 2504 motibus
965 2438 1169 2504 inordinatis
1186 2437 1277 2502 liber

193 2550 293 2628 erat,
319 2545 379 2609 sed
402 2545 554 2612 habebat
577 2548 719 2628 insuper
741 2547 1008 2628 dispositionem,
1041 2564 1111 2629 qua
1145 2543 1275 2627 appeti·

197 2659 261 2716 tus
287 2652 475 2718 sensitivus
494 2656 686 2718 voluntatis
709 2655 851 2736 imperio
875 2651 1137 2732 subdebatur³);
1173 2650 1210 2714 in
1236 2668 1280 2716 eo

321 2917 339 2982 ¹)
357 2917 535 2988 prortoncuiil
558 2921 592 2974 H.
616 2921 796 2988 Pyronoucreo
818 2935 855 2971 rm
878 2918 1007 2972 Odunmr.
1029 2918 1135 2970 Borocu.
1160 2916 1225 2976 Heu.
1252 2915 1279 2968 9.

152 3038 161 3051 -
208 3006 351 3060 Moruuesa
368 3024 403 3060 na
419 3007 540 3078 dishuph.
560 3010 638 3076 1889,
658 3026 683 3078 p.
704 3010 751 3076 31,
763 3039 796 3046 -
810 3008 987 3071 Turenurriii
1008 3023 1053 3075 op.
1068 3021 1091 3060 c.
1106 3006 1144 3073 II,
1163 3022 1219 3057 urn.
1235 3003 1281 3070 10,

210 3114 238 3166 p.
253 3097 320 3164 1263
338 3096 454 3166 Ileporrs.
474 3114 519 3168 op.
538 3115 561 3153 e.
582 3115 608 3167 p.
627 3100 675 3167 49,
695 3103 749 3151 etc.

320 3185 341 3250 ¹)
360 3186 498 3256 dnoapers
515 3188 597 3256 1lepn.
618 3204 663 3257 op.
683 3203 707 3241 c.
727 3187 750 3254 I,
770 3191 785 3251 ξ
806 3186 865 3254 129,
886 3184 984 3238 adnot.
1004 3184 1087 3251 593-
1095 3183 1229 3243 lleoeuens
1246 3181 1277 3233 A.

211 3289 256 3344 op.
276 3292 301 3329 c.
316 3292 344 3344 p.
360 3277 425 3342 1713
440 3307 473 3314 —
489 3276 665 3330 Polemistae
683 3275 791 3345 passim
806 3275 962 3328 affirmant
980 3273 1110 3342 primum
1130 3271 1278 3324 hominem

211 3365 375 3419 immunem
395 3381 412 3418 a
427 3367 665 3436 concupiscentia
679 3367 771 3418 luisse
785 3365 816 3416 vi
830 3368 957 3416 naturae
972 3377 1055 3415 suae:
1074 3361 1278 3428 Emdauourrrn,

212 3469 257 3523 op.
278 3471 302 3508 e.
323 3470 350 3522 p.
370 3455 405 3508 34
424 3470 474 3524 sq,
494 3455 684 3523 prouoscrdil,
710 3470 753 3522 op.
774 3469 796 3505 c.
817 3469 843 3521 p.
863 3453 898 3506 30
922 3458 952 3505 et
970 3452 1074 3517 ceteri;
1095 3481 1127 3488 -
1146 3454 1279 3504 ceterum

212 3545 267 3598 hoc
288 3544 406 3598 iamed
426 3549 587 3599 tractatum
607 3544 644 3598 de
663 3548 782 3613 peccato
802 3542 942 3610 originali
961 3545 1082 3609 spectat.

323 3634 343 3693 ⁸)
361 3633 510 3708 Mazzella.
530 3635 573 3687 De
593 3635 655 3688 Deo
674 3631 800 3687 Creante
818 3649 846 3685 n.
866 3631 927 3696 724,
946 3646 972 3698 p.
988 3629 1049 3704 533·
1060 3644 1101 3695 sq.
