2872 4666
537 326 755 393 ..95-

221 543 250 606 3.
275 541 389 605 Posita
412 540 502 606 inter
525 544 690 604 naturam
722 540 825 623 primi
856 541 1005 606 hominis
1039 546 1074 607 et
1105 541 1179 607 eius

109 649 224 713 altam
269 648 532 713 destinationem
577 648 814 731 proportione,
870 651 1044 731 quaerunt
1089 648 1180 712 russi

110 756 268 838 ulterius,
291 773 383 838 quae
403 755 509 820 fuerit
531 755 633 838 primi
657 755 804 820 hominis
826 756 994 837 perfectio
1017 755 1053 819 in
1077 755 1136 820 se?

221 863 375 926 Primum
397 863 454 927 hio
473 866 664 927 occurrunt
681 863 778 926 nobis
796 862 867 926 iam
886 862 1039 927 directae
1057 865 1181 926 contra

110 969 304 1034 catholicos
327 970 542 1035 obiectiones.

222 1076 291 1139 Alii
304 1077 517 1158 exprobrant
535 1075 716 1141 catholicis
735 1093 792 1141 eos
811 1077 913 1157 primi
932 1076 1087 1158 parentis
1105 1094 1180 1158 per·

110 1183 297 1248 lectionem
320 1184 422 1247 nimis
445 1185 621 1265 extollere,
657 1184 716 1248 «ei
748 1183 985 1247 iustitiam
1008 1202 1070 1248 seu
1093 1185 1180 1266 ple·

110 1307 215 1353 nam
251 1292 482 1372 quandam
514 1291 990 1372 omniperiectionem
1027 1292 1181 1357 tribuere

110 1397 210 1479 adeo,
241 1403 280 1461 ut
312 1398 381 1461 iam
406 1415 491 1463 suae
514 1399 610 1463 vitae
633 1397 820 1462 terminum
844 1398 872 1461 is
896 1398 1001 1479 plane
1024 1398 1180 1480 attigisse

109 1504 359 1588 intelligatur»,
379 1509 418 1569 ut
436 1505 610 1588 Uspenski
619 1504 647 1583 ¹).

222 1611 291 1675 Alii
327 1617 470 1678 econtra
507 1612 629 1677 dicunt
666 1612 856 1676 catholicos
893 1611 995 1694 primi
1032 1613 1181 1676 hominis

111 1718 361 1800 perfectionem
371 1720 472 1783 nimis
482 1720 684 1801 deprimere,
699 1723 737 1783 ut
747 1717 932 1798 Svietlov')
944 1755 983 1766 -
999 1738 1085 1784 «non
1096 1720 1181 1784 dare

111 1825 226 1907 primo
249 1829 384 1907 parenti
408 1828 474 1891 nisi
497 1828 710 1891 ordinariam
728 1826 906 1909 quandam
925 1827 1131 1908 sapientiam
1146 1832 1181 1891 et

47 1918 53 1924 ’
111 1934 369 2014 sanctitatem»,
394 1939 432 1998 ut
454 1933 695 2013 Seredinskih.

222 2040 345 2123 Itaque
368 2043 458 2124 quod
482 2042 543 2105 alii
566 2043 756 2122 affirmant,
780 2043 840 2106 alii
864 2046 1001 2124 negant.

222 2146 382 2227 Quarum
413 2149 644 2214 obiectionum
677 2149 705 2212 si
729 2151 806 2232 quis
829 2151 1000 2216 rationem
1023 2155 1182 2232 quaerat,

110 2255 230 2319 nescio
253 2273 300 2319 an
324 2256 431 2322 ullam
455 2256 613 2321 inveniat
636 2261 775 2338 praeter
799 2257 842 2340 id,
871 2258 962 2340 quod
985 2257 1110 2339 neutri,
1142 2260 1182 2319 ut

110 2379 181 2444 par
199 2368 259 2444 est,
278 2381 359 2427 cum
374 2364 546 2446 theologia
560 2364 735 2428 catholica
749 2364 940 2428 familiares
956 2368 1046 2428 sunt.
1070 2365 1181 2429 Alteri

110 2469 206 2533 enim
228 2469 435 2552 impugnant
458 2470 647 2535 catholicos
678 2471 769 2534 falsa
803 2471 863 2534 illa
892 2470 988 2534 ducti
1011 2470 1181 2552 opinione:

110 2592 173 2640 eos
195 2575 230 2639 in
253 2576 364 2658 primo
382 2577 519 2642 homine
533 2577 730 2641 absolutam
744 2578 921 2660 quandam
936 2578 1181 2658 perlectionem

224 2827 244 2890 ι)
262 2824 409 2878 laneam
422 2825 469 2877 ns.
485 2840 530 2893 op.
545 2840 568 2878 ο.
583 2841 610 2893 p.
630 2826 749 2891 zie-373
769 2825 883 2904 er-as.
906 2825 962 2877 «uo
980 2841 1013 2877 a
1031 2828 1181 2891 (romanae
1235 2800 1242 2813 '

110 2913 267 2979 ccclesiae)
285 2915 390 2980 yneuim,
409 2918 518 2983 uepunil
535 2915 669 2968 senonias
693 2915 823 2971 oonanaue
846 2914 1104 2982 upanenuocriro
1129 2930 1183 2966 uun

111 3019 282 3055 uouemus
304 3019 694 3071 soecosepmencruoun,
713 3018 912 3055 nonnuaemmn
930 3018 966 3054 ue
984 3002 1089 3054 eumeuii
1107 3016 1184 3053 ouon-

112 3108 269 3145 uareuenaro
288 3092 494 3159 ocynrecrnrenia
512 3093 680 3145 ueuonlmoim
697 3093 783 3150 nhueii
801 3108 890 3144 onoero
914 3091 1020 3144 tonia».
1049 3089 1182 3144 Ulterius

112 3179 195 3233 idem
220 3181 300 3234 omni
325 3181 519 3234 fundamento
545 3181 720 3234 destitutam
746 3167 877 3249 appellat
903 3184 996 3249 atque
1022 3178 1181 3247 impugnat

113 3270 193 3323 hano
211 3269 375 3323 doctrinam
394 3271 565 3324 catechismi
583 3270 729 3336 catholici,
755 3271 806 3337 qui
831 3269 863 3322 in
889 3268 991 3322 Rossia
1018 3269 1049 3320 in
1076 3267 1183 3320 scholis

112 3358 148 3411 in
166 3374 224 3413 usu
242 3363 299 3413 est:
329 3360 461 3413 «Primus
486 3360 573 3414 homo
597 3374 693 3428 neque
720 3360 826 3413 scholis
850 3371 949 3427 neque
975 3358 1056 3410 libris
1084 3370 1181 3424 neque

114 3449 269 3516 magistris
288 3464 361 3517 opus
380 3450 511 3503 hahuit».
530 3449 591 3501 Alii
609 3448 734 3502 eandem
753 3447 949 3502 obiectionem
969 3447 1006 3501 de
1024 3446 1114 3515 primi
1132 3446 1182 3498 ho-

113 3537 204 3590 minis
223 3539 485 3606 omniperiectione
504 3537 738 3607 protestantibus
757 3539 886 3602 iaciunt;
905 3551 972 3604 vgr.
992 3535 1130 3589 Cnhmom
1147 3534 1181 3586 Π.

114 3624 146 3678 51.
180 3642 261 3685 osuiu.
290 3625 387 3680 Ouum
412 3627 667 3680 Anonomrnuecnaro
693 3625 852 3679 Idaromenia
883 3625 1014 3693 Hpanocu.
1042 3622 1183 3691 Xpucrian.

112 3714 291 3784 Bhpoyueniu.
310 3716 394 3769 Riees
414 3716 491 3784 1898,
511 3716 548 3783 II,
568 3720 583 3779 ἓ
601 3717 644 3784 39,
664 3733 691 3785 p.
710 3714 817 3769 48-50
836 3729 878 3782 sq.

223 3807 244 3870 ²)
263 3804 407 3870 caluom,
428 3821 472 3875 op.
492 3791 515 3858 e.
534 3805 573 3871 11,
592 3809 607 3868 ς
626 3805 669 3871 39,
688 3819 715 3872 p.
735 3805 778 3859 aa

223 3897 244 3960 ³)
263 3893 442 3962 Cepernfflcniil
459 3894 490 3947 T.
507 3894 636 3963 nporoiep.
662 3893 783 3955 Cuounaa
801 3893 922 3954 Taounna
940 3891 1080 3960 Xpncriau.
1099 3891 1186 3959 Bhpo·

111 3982 294 4041 nenonluanili
312 3999 331 4035 11
349 3981 441 4037 Cema
460 3983 531 4036 Pura
550 3983 627 4051 1890,
647 3998 674 4051 p.
694 3983 737 4036 24.
987 4006 990 4011 ·
