2872 4666
658 335 853 399 -6..

330 550 373 615 lli
398 553 480 615 sunt
503 550 660 632 theologi,
684 567 832 632 quorum
857 549 1093 632 unusquisque
1121 551 1199 630 plus
1228 552 1288 616 vel

221 658 336 723 minus
360 659 499 741 proprio
523 664 635 723 marte
668 658 875 739 theologiam
908 661 1110 722 construere
1142 662 1293 721 conatus

220 772 286 847 cst3
315 765 364 830 ita
398 772 515 829 tamen
541 771 578 828 ut
603 765 772 829 Antonius
801 765 912 829 veluti
945 764 1116 845 principia
1139 772 1294 847 poneret,

223 873 400 938 Macarius
436 873 580 938 ulterius
613 890 654 938 ea
687 873 871 947 excoleret,
904 871 1091 936 vacillaret
1114 876 1233 937 tamen
1258 879 1294 937 et

220 980 325 1064 plura
360 980 529 1062 reticeret,
563 980 753 1045 Philaretes
787 980 892 1044 etiam
917 979 1061 1044 ulterius
1081 980 1294 1060 procederet

220 1086 391 1155 Silvosmr
428 1088 568 1152 tandem
607 1091 641 1151 ct
674 1088 888 1168 potissimum
922 1086 1077 1152 Svietlov
1111 1087 1221 1151 veluti
1246 1089 1293 1151 ad

222 1194 364 1260 ultimus
389 1195 613 1277 pervenirent
636 1195 909 1276 consequentias.
934 1194 1153 1259 Recentiores
1174 1195 1291 1259 Maca-

219 1303 313 1369 rium
333 1301 477 1366 maximi
498 1302 628 1366 habeut
646 1302 777 1383 pariter
790 1308 825 1366 et
840 1301 1057 1382 silvestrum,
1072 1319 1174 1384 quem
1190 1319 1290 1383 prae·

217 1409 324 1491 cipue
358 1414 559 1491 sequuntur.
596 1444 632 1453 —
664 1408 855 1473 Praeterea
889 1408 1085 1472 laudandus
1107 1415 1161 1473 est
1184 1409 1290 1473 etiam

223 1516 419 1582 meckevro
442 1512 688 1580 Constantinus
707 1516 749 1578 ob
769 1517 989 1598 perspicuam
1004 1522 1039 1579 et
1053 1516 1293 1580 coordinatam

221 1623 479 1705 expositionem,
512 1641 582 1705 qua
611 1641 696 1704 opus
724 1641 826 1687 suum
851 1623 1042 1704 contexuit,
1076 1642 1292 1706 quamquam

221 1733 295 1797 iere
318 1731 434 1794 omniu
458 1748 567 1812 usquc
590 1731 635 1793 ad
660 1731 807 1795 verbum
832 1731 1019 1813 praecipue
1042 1750 1087 1796 ex
1106 1732 1173 1795 illis
1193 1732 1293 1814 quin-

220 1855 290 1921 que
314 1837 479 1917 theologis
504 1837 721 1919 compilavit;
746 1837 870 1920 prodiit
894 1839 1057 1903 volumen
1078 1839 1227 1920 primum
1248 1840 1292 1904 de

223 1943 296 2010 Deo
330 1944 406 2009 Uno
438 1950 474 2009 et
508 1944 610 2007 'l'rino
643 1951 678 2010 et
709 1947 751 2009 de
785 1944 857 2009 Deo
880 1943 1053 2026 Creatore,
1082 1963 1160 2028 pag.
1184 1947 1251 2012 256
1265 1946 1294 2026 ¹).

223 2050 358 2116 Pariter
382 2054 416 2115 ct
440 2050 644 2116 Ticlrvinski
665 2051 831 2116 Nicolaus
854 2054 1061 2135 conscripsit
1084 2054 1150 2116 duo
1174 2052 1293 2134 priora

222 2157 402 2223 volumina
413 2175 443 2239 p.
458 2157 637 2239 190÷2723
658 2161 813 2242 sequitur
826 2160 1038 2241 potissimum
1050 2159 1293 2239 silvestrumu.

223 2266 408 2330 Praeterea
443 2265 494 2328 usi
523 2282 643 2329 sumus
676 2273 711 2330 et
743 2267 820 2330 aliis
854 2267 1011 2347 pluribus
1035 2266 1094 2349 qui
1118 2285 1186 2330 non
1210 2273 1295 2331 sunt

222 2372 323 2449 tanti:
350 2377 388 2435 ut
411 2371 584 2454 FavoroV,
610 2373 799 2455 Rudakow,
823 2374 925 2438 Titov
949 2379 1014 2438 etc.

329 2479 535 2561 Theologiae
554 2498 638 2544 vero
657 2482 936 2546 fundamentales
956 2501 1017 2546 seu
1037 2481 1294 2563 Apologeticae‚

221 2604 310 2671 quas
329 2587 545 2669 potissimum
566 2588 796 2669 adhibuimus
820 2593 913 2653 sunt:
940 2592 968 2668 1)
993 2588 1137 2653 Macarii
1163 2588 1291 2671 Bulga·

222 2697 293 2758 kov
318 2695 384 2759 vol.
412 2698 438 2776 1,
463 2712 540 2776 pag.
565 2695 645 2774 4863
669 2697 699 2772 2)
725 2697 909 2779 Augustini
927 2698 1072 2761 archim.
1093 2700 1127 2760 et
1146 2698 1295 2762 rectoris

222 2801 312 2865 Lith.
332 2803 450 2866 semin.
475 2801 543 2865 vol.
565 2804 592 2883 1,
616 2819 692 2883 pag.
718 2803 795 2884 3203
821 2804 851 2881 3)
874 2803 1148 2868 Rotdestvenslri
1172 2805 1192 2868 2
1213 2805 1293 2885 vol,

221 3031 342 3068 noenum,
360 3014 545 3068 uenourcnieum
563 3017 719 3080 proruamus)
741 3032 762 3067 r.
783 3017 796 3068 1
816 3033 834 3068 11
854 3017 877 3081 2,
899 3015 963 3076 Han.
979 3017 1003 3076 3,
1025 3016 1108 3069 itione
1129 3015 1208 3080 18923
1228 3033 1250 3069 r.
1267 3017 1292 3070 3.

221 3105 285 3166 Han.
311 3105 335 3168 2,
362 3104 445 3157 itione
466 3104 546 3168 188&
570 3120 591 3155 r.
611 3104 628 3156 4
647 3120 665 3156 n
684 3106 707 3170 5,
735 3105 843 3171 ileu&
864 3105 1048 3171 [lions18973
1070 3105 1155 3158 -11.
1176 3104 1296 3158 acas-

218 3211 309 3259 mons,
330 3211 411 3255 cnam.
435 3193 532 3247 Onam,
550 3210 796 3247 anouorernncrnaro
819 3195 969 3248 usnorncnin
987 3195 1072 3264 IIpaa.
1091 3196 1186 3264 Xpncr.
1207 3195 1295 3265 Blapo-

220 3284 322 3352 paonis,
341 3302 362 3337 n.
384 3286 406 3350 1,
426 3301 483 3344 nen.
503 3283 526 3346 2,
548 3282 630 3335 Hienn
646 3285 726 3339 1899:
746 3303 767 3337 r.
783 3286 806 3350 2,
827 3285 910 3338 ilienn
930 3286 1006 3340 1898.
1025 3317 1056 3324 -
1074 3285 1106 3338 ln
1122 3286 1290 3342 seminariis

222 3375 299 3427 russi
313 3379 401 3427 antea
417 3374 463 3425 usi
480 3377 550 3424 sunt
565 3371 688 3426 Antonii
698 3373 861 3442 Theologia
876 3374 1053 3443 dogmatica,
1070 3389 1150 3429 nunc
1160 3380 1293 3429 utuntur

219 3461 400 3531 Compendio
432 3462 533 3515 Theoi.
568 3461 673 3529 Dogm.
708 3463 840 3517 Macarii:
869 3464 1000 3532 Manapiii,
1033 3481 1141 3532 nnrpon.
1173 3463 1293 3518 Mocnon.

219 3553 401 3619 Pynononcrao
424 3568 461 3603 nr>
485 3551 616 3617 nepueniro
634 3551 862 3616 ,llornarnneonaro
881 3553 1046 3608 Borocnouin.
1074 3553 1190 3620 Mocnaa,
1211 3554 1292 3622 1898,

222 3656 291 3710 pag.
310 3641 371 3694 368.

243 3733 247 3742 “
330 3732 349 3794 ¹)
368 3730 398 3782 u.
418 3729 598 3797 Bpeuneauun,
619 3747 701 3791 caum.
727 3730 848 3784 3anncnn
866 3749 897 3785 no
917 3733 1001 3800 llpau.
1020 3731 1099 3798 liora.
1119 3732 1293 3787 Borornoairo.

220 3819 436 3888 Euucancrrpans
456 3819 533 3874 1895.

329 3906 350 3977 ²)
368 3908 403 3960 H.
422 3907 600 3973 Trrxnuucniil,
615 3909 742 3977 nporoiep.
760 3910 856 3962 [Iresia
870 3928 901 3963 no
917 3911 999 3979 Hpan.
1012 3911 1107 3979 Xpnor.
1122 3911 1295 3967 Borocrorsiro.

221 3995 382 4065 Hpocnaeaa,
404 3997 588 4052 1894-1895.
