2872 4666
595 296 839 362 -132-

175 520 229 577 tas
253 512 394 593 propria
417 512 602 575 infantium
633 547 669 556 -
692 511 776 594 quid
795 511 959 575 nimirum
979 520 1201 595 sequeretur,
1228 514 1256 577 si

173 623 292 684 fructu
338 617 525 683 fruentur?
569 655 608 663 -
652 618 820 682 infantilis
866 620 1066 697 credulitas,
1111 620 1255 700 imperi-

175 727 224 791 tia
247 733 330 790 etc.»
349 725 395 803 ¹)...

281 829 373 910 Quid
397 831 503 913 igitur
526 841 579 894 est
601 830 660 894 ille
684 839 806 914 status,
830 831 891 895 illa
910 833 1110 897 innocentia
1137 833 1254 897 inian-

175 939 272 1003 tilis?
312 937 439 1019 «Certe,
478 939 588 1021 inquit
625 938 791 1019 Svietlov,
829 958 897 1003 non
935 941 1061 1005 debent
1099 939 1255 1021 intelligi

176 1047 277 1128 primi
302 1045 456 1109 homines
478 1064 518 1110 eo
541 1064 645 1109 sensu
670 1047 829 1128 infantes,
861 1064 930 1129 quo
958 1065 1020 1110 nos
1044 1047 1255 1128 accipimus,

175 1154 271 1217 Inter
296 1155 423 1234 primos
442 1151 518 1216 illos
536 1152 688 1218 infantes
705 1162 741 1219 et
759 1173 825 1235 eos,
849 1154 910 1237 qui
929 1172 1023 1218 nunc
1043 1161 1255 1236 nascuntur,

177 1278 343 1342 magnum
362 1260 549 1324 discrimen
572 1267 633 1323 est.
682 1261 785 1324 Primi
820 1260 869 1324 illi
903 1261 1063 1342 infantes,
1097 1261 1252 1326 dixerim

177 1368 326 1430 infantes
358 1366 476 1446 adulti,
509 1367 681 1431 immunes
712 1373 814 1432 erant
847 1386 869 1431 a
902 1367 1104 1449 defectibus,
1129 1369 1191 1451 qui
1216 1368 1252 1431 in

176 1477 367 1540 humanam
391 1477 568 1538 intrarunt
590 1482 755 1538 naturam
779 1477 895 1558 etqui
920 1477 1038 1539 statim
1071 1477 1117 1539 ab
1152 1477 1250 1540 initio

178 1602 270 1648 nunc
307 1601 381 1648 sese
418 1589 593 1662 exserunt,
630 1583 736 1658 etiam
769 1588 885 1647 aetate
922 1582 1082 1647 infantili.
1132 1582 1250 1647 Nostri

177 1672 326 1754 infantes
364 1707 431 1753 non
469 1693 613 1771 possunt
648 1708 723 1756 esse
756 1695 927 1754 accurata
960 1692 1248 1772 protoparentum

176 1799 299 1879 imago.
318 1796 381 1861 Est
402 1796 539 1879 quidem
564 1797 599 1859 in
624 1796 673 1861 eis
698 1797 894 1861 innocentia
907 1797 1103 1875 (inscientia
1118 1798 1200 1862 boni
1215 1803 1249 1862 ot

176 1906 269 1984 mali)
306 1903 366 1969 sed
403 1905 535 1985 pariter
566 1910 601 1968 et
628 1904 806 1968 inconscia
839 1905 884 1968 ad
917 1905 1051 1969 malum
1082 1906 1247 1986 pronitas,

175 2030 267 2095 quae
290 2028 408 2076 amore
432 2011 493 2091 sui,
517 2012 750 2090 sensualitate,
775 2010 983 2090 morositate,
1008 2011 1061 2074 ira
1082 2029 1158 2077 sese
1174 2029 1247 2093 pro·

177 2119 245 2183 dit»
261 2117 290 2196 ⁹).
313 2118 430 2200 Ipsam
454 2137 539 2182 vero
562 2119 795 2183 innocentiam
815 2120 960 2184 ulterius
978 2117 1139 2184 Svietlov
1154 2119 1248 2201 ponit

179 2227 286 2307 inec,
322 2226 413 2308 quod
451 2226 752 2307 protoparentibus
791 2227 877 2291 nulli
909 2225 1049 2291 inerant
1081 2228 1249 2309 deiectus

178 2332 275 2397 nulla
312 2333 494 2396 obstacula
536 2334 579 2396 ad
622 2334 821 2398 ulteriorem
862 2334 1036 2397 infinitam
1079 2334 1134 2397 sui
1173 2352 1248 2416 per-

177 2441 369 2519 fectionem,
407 2441 497 2522 quod
534 2458 653 2505 eorum
686 2442 780 2505 vires
812 2441 964 2504 nondum
997 2445 1100 2504 erant
1134 2446 1252 2506 tactae

179 2545 311 2625 malo³).

289 2854 308 2915 ¹)
326 2849 399 2902 ibid.
420 2866 446 2917 p.
467 2850 514 2914 57,
534 2850 609 2901 coni.
630 2848 699 2901 ibid.
719 2864 745 2916 p.
765 2850 807 2903 50.

287 2943 307 3003 ²)
326 2939 366 2991 Id.
378 2941 395 2991 l.
411 2955 435 2992 c.
451 2954 477 3007 p.
493 2938 537 3002 51;
559 2938 701 2995 «lioneuno.
718 2955 814 2991 uersos
828 2955 1018 3007 npercrasmrs
1032 2943 1251 3008 nepsoonmnxn

178 3034 265 3086 sonori
291 3032 391 3088 rlirmrn
417 3046 453 3080 sn
475 3044 588 3079 naunn'n
615 3029 720 3079 turnicii
747 3044 832 3080 crona
866 3028 967 3095 Mentor
995 3046 1125 3098 nepssrnn
1149 3033 1252 3092 absumi

178 3138 197 3173 n
215 3103 392 3177 narnomnnnn
405 3135 464 3170 oms
477 3119 595 3169 donnmoe
614 3117 744 3185 pamnnie.
764 3117 877 3186 Hepnsre
894 3120 961 3178 ibin
977 3148 1009 3156 -
1024 3135 1162 3187 napocrsre
1177 3123 1252 3185 nim,

178 3226 310 3273 errassent,
331 3210 403 3260 bstou
422 3211 555 3265 modernis
583 3224 630 3258 ‹im›
647 3210 715 3258 rbrs
738 3224 933 3268 oenomamomt.
958 3224 1075 3276 rmoprne
1102 3227 1201 3264 somam
1219 3229 1255 3264 nn

179 3301 377 3364 nonooiinccnyro
396 3314 521 3365 npnpoiy,
542 3314 557 3348 a
575 3313 671 3349 crosna
689 3313 755 3364 pano
781 3314 970 3366 ompnmrorrs
988 3314 1042 3357 eme
1060 3315 1097 3350 ss
1115 3301 1254 3360 dianoni,

179 3391 313 3456 sospacrb.
340 3387 427 3438 Hanni
451 3388 518 3446 sinn
542 3403 573 3438 ne
592 3403 689 3453 noryrn
707 3403 897 3455 npenmanrsrs
919 3389 1134 3455 nepnobsrrnstxn
1152 3395 1252 3451 nroneii

179 3477 221 3528 Bt,
244 3494 315 3528 rrnxn
340 3493 398 3528 een,
423 3492 593 3539 ncommorrs,
623 3476 745 3528 noonunio
772 3479 852 3545 iodpa
876 3495 895 3529 11
920 3493 975 3538 sna,
994 3493 1027 3529 no
1045 3494 1081 3528 m,
1099 3494 1176 3531 nnxs
1196 3497 1254 3547 pue

179 3582 238 3616 een>
256 3583 272 3617 n
292 3566 521 3616 dononuncnnoe
540 3564 690 3631 inpendente
709 3581 741 3616 ro
760 3582 818 3631 my:
838 3582 1017 3618 cmlsrnnaercn
1041 3582 1089 3618 ono
1113 3583 1151 3618 1312
1176 3585 1254 3622 eano-

179 3656 268 3709 nrodnr.
286 3670 499 3719 nynmnrrrrrorrn,
520 3656 645 3720 uanpnab,
667 3670 784 3706 anoton».

289 3746 308 3804 ς)
330 3741 399 3793 ibid.
429 3758 454 3808 p.
484 3744 530 3797 51:
568 3744 643 3794 conf.
683 3748 807 3805 textum,
841 3760 930 3812 quem
964 3760 1054 3812 supra
1087 3747 1255 3802 attulimus

182 3847 208 3898 p.
226 3830 284 3897 199,
305 3830 371 3882 tuln.
392 3831 415 3882 4.
