2872 4666
634 309 851 376 ,86-

312 521 367 585 Ex
389 521 486 586 hisee
508 523 673 606 sequitur,
696 523 732 587 in
754 541 906 606 quonam
929 541 975 589 ex
993 526 1094 606 parte
1112 523 1273 605 principii
1289 503 1346 577 ‘j

206 628 309 692 radix
322 630 450 694 erroris
469 630 585 694 lateat.
609 630 650 695 In
669 649 708 696 eo
727 631 869 714 seilicet,
893 631 984 713 quod
1002 648 1053 712 ea,
1077 648 1170 713 quae
1192 648 1274 694 non·

207 736 272 800 nisi
295 736 431 801 detine
454 737 625 802 obieotivo
657 738 693 801 in
725 741 799 802 tota
831 756 895 803 sua
919 739 957 802 vi
980 738 1172 820 vigoreque
1195 740 1277 801 sunt

207 861 303 925 vera,
327 845 419 908 russi
441 846 658 910 transierunt
681 846 716 908 in
739 845 846 911 tinem
870 846 1112 910 subieotivum.
1160 845 1277 926 Atque

207 968 289 1014 oum
321 950 364 1015 de
396 951 461 1015 hoo
492 956 611 1033 agunt,
648 953 895 1034 praetermissa
930 951 1150 1016 distinetione
1185 950 1278 1016 inter

154 1130 157 1137 ¹
206 1049 456 1123 beatitudinem
492 1060 691 1124 naturalem
727 1064 762 1125 et
798 1060 1115 1142 supernaturalem,
1152 1076 1278 1122 rursus

207 1182 259 1257 ea,
282 1182 374 1246 quae
392 1183 461 1228 non
479 1168 622 1247 possunt
645 1167 757 1248 aooipi
781 1167 846 1230 nisi
865 1168 908 1232 de
926 1167 995 1247 illa,
1019 1166 1063 1229 ad
1082 1167 1176 1230 hano
1196 1183 1280 1247 quo·

209 1289 278 1353 que
299 1272 503 1354 extendunt3
534 1274 643 1338 verbo
666 1275 702 1337 in
725 1292 774 1354 eo,
806 1275 898 1356 quod
922 1277 1107 1355 utramque
1130 1272 1278 1336 beatitu-

209 1378 323 1443 dinem
342 1369 560 1444 ooniundunt
586 1384 621 1446 et
648 1381 767 1446 eodem
800 1381 971 1445 naturalis
999 1380 1198 1461 exigentiae
1227 1397 1279 1443 or·

209 1485 288 1551 dine
311 1487 597 1569 complectuntur.
643 1489 759 1570 Atque
790 1488 879 1553 haee
911 1491 1083 1569 quantum
1115 1485 1162 1549 ad
1184 1485 1280 1567 prin·

210 1591 349 1674 cipium.

316 1699 417 1780 Quod
440 1720 525 1767 vero
548 1703 662 1784 ipsum
685 1703 800 1785 finem,
824 1720 928 1784 quem
952 1719 997 1765 ex
1021 1719 1083 1765 suo
1107 1699 1282 1781 prinoipio

209 1808 300 1871 russi
324 1808 509 1892 deducunt,
533 1810 664 1891 attinet,
688 1809 822 1873 omissis
841 1809 975 1891 oeteriS,
999 1825 1091 1890 quae
1109 1824 1178 1871 nou
1197 1811 1283 1870 sunt

210 1915 299 1979 tanti
322 1917 494 1999 momenti,
518 1917 629 1981 solum
651 1917 757 1982 tinem
780 1935 848 1998 quo
867 1934 928 1980 seu
947 1915 1181 1981 subiectivum
1200 1931 1284 1978 oon-

211 2023 449 2088 siderabimus.

317 2129 423 2193 Error
455 2148 635 2194 russorum
667 2130 703 2193 in
735 2147 775 2194 eo
808 2129 865 2194 hio
897 2129 1062 2209 consistit,
1094 2129 1187 2210 quod
1212 2146 1284 2192 non

211 2237 427 2319 distinguunt
450 2237 540 2303 inter
563 2238 668 2302 finem
692 2238 891 2301 naturalem
911 2239 945 2300 et
964 2235 1284 2317 supernaturalem,

211 2349 317 2427 atque
340 2345 599 2427 beatitudinem,
623 2345 668 2408 ad
691 2363 799 2427 quam
822 2344 924 2407 homo
947 2344 990 2408 de
1012 2345 1106 2407 iacto
1130 2342 1285 2407 destina-

212 2457 268 2516 tus
291 2456 353 2535 est,
387 2457 424 2516 ut
455 2453 486 2518 ei
520 2454 740 2534 congenitam
769 2451 1104 2531 oonnatmalemque
1127 2449 1284 2514 oonside·

212 2563 301 2624 rant.
348 2559 484 2623 Etenim
517 2578 597 2624 oum
631 2559 722 2622 russi
756 2559 798 2623 de
821 2557 892 2621 fine
916 2557 1071 2622 universi
1095 2556 1131 2620 in
1154 2574 1287 2638 genere

213 2674 331 2748 agunt,
355 2667 514 2731 ultimam
537 2667 683 2731 bominis
702 2665 950 2731 beatitudinem
970 2663 1143 2727 communi
1163 2680 1286 2726 rerum

213 2778 362 2838 naturae
393 2774 464 2854 fini,
498 2776 536 2837 ut
567 2774 719 2838 vidimus
746 2773 783 2837 in
806 2771 1065 2854 prolegomenis,
1098 2768 1288 2834 includunt

214 2886 320 2964 atque
344 2883 407 2945 sub
432 2881 554 2946 eadem
578 2881 762 2962 communi,
786 2878 950 2959 naturali,
983 2877 1160 2940 ordinaria
1193 2877 1287 2940 rela-

215 2990 314 3070 tione,
338 3006 428 3070 quae
452 2968 533 3053 Deo*
549 2986 705 3052 Creatori
728 3005 772 3050 ae
796 2985 941 3068 provido
965 2984 1096 3065 pariter
1114 2983 1161 3046 ad
1179 2983 1286 3046 ratio-

215 3097 312 3161 nales
345 3099 380 3159 et
412 3095 631 3160 irrationales
663 3098 847 3160 creaturas
878 3095 939 3172 est,
976 3090 1288 3172 eomprehendunt.

160 3242 164 3249 ,
216 3203 291 3268 Hoc
324 3221 409 3268 vero
432 3202 590 3285 artieulo,
628 3221 709 3267 eum
742 3203 784 3267 de
816 3201 887 3266 fine
920 3199 1067 3263 hominis
1100 3198 1135 3260 in
1168 3198 1289 3279 speeie

216 3311 399 3390 quaeruut,
433 3310 579 3374 eandem
611 3309 860 3374 beatitudiuem
893 3305 1005 3371 veluti
1042 3303 1204 3367 ultimum
1243 3321 1289 3368 ao

216 3416 453 3480 necessarium
476 3422 624 3481 naturae
647 3414 827 3479 rationalis
850 3431 895 3478 ao
918 3414 1048 3477 liberae
1071 3411 1290 3492 postulatum

219 3523 448 3587 considerant.
486 3521 552 3587 Sed
577 3541 689 3604 neque
712 3522 769 3586 hio
794 3538 906 3602 neque
929 3519 1001 3582 illio
1024 3520 1114 3582 inter
1139 3516 1291 3582 beatitu-

218 3631 333 3696 dinem
358 3631 564 3713 naturalem,
588 3648 679 3712 quae
702 3628 840 3709 homini,
864 3628 950 3691 siin
974 3629 1068 3690 statu
1092 3641 1202 3705 purae
1227 3642 1290 3688 na-

218 3743 319 3802 turae
342 3737 485 3801 relictus
517 3737 630 3818 fuerit,
663 3736 700 3798 vi
723 3753 768 3798 ao
791 3735 866 3798 iure
890 3738 1039 3821 naturae
1062 3729 1291 3812 competierit,

219 3849 253 3910 et
276 3844 588 3926 supernaturalem,
621 3842 667 3905 ad
699 3860 806 3924 quam
839 3843 938 3905 homo
971 3858 1016 3904 ex
1043 3838 1197 3901 bonitate
1223 3837 1291 3901 Dei

219 3956 262 4019 de
284 3957 378 4018 facto
397 3955 545 4016 vocatus
563 3955 625 4031 est,
644 3967 734 4031 quae
748 3967 833 4012 vero
848 3953 1012 4012 naturam
1025 3950 1060 4011 et
1073 3944 1292 4026 exigentiam
