2872 4666
602 351 640 361 -
691 316 761 380 121⁴
801 351 844 363 -

130 529 359 595 1nomenti
377 528 583 610 essentialia
607 531 727 593 nostra
745 528 889 594 interest
908 529 1014 610 ipsius
1029 529 1137 610 ideae,
1156 534 1263 613 quam

138 635 351 703 marratio
374 636 503 701 biblica
525 636 807 718 praebet3‘e'ius
830 645 1017 701 sensus»
1034 636 1066 717 ¹t·
1095 638 1148 702 lin
1171 640 1262 721 prinss

146 744 325 826 'cipium
348 742 536 824 positivum
559 743 775 825 prooedeudi,
809 761 891 807 oum
919 743 1110 809 difficultas
1134 745 1263 811 biblica

146 851 359 917 occurrit
774 861 778 865 ’

302 956 481 1038 Quantum
513 959 559 1021 ad
584 975 635 1022 ss.
659 964 786 1041 patrea,
821 944 1012 1023 Philaretes
1044 940 1263 1024 0611101111-

161 1069 268 1132 :mat
291 1084 349 1130 eos
372 1084 441 1129 non
464 1065 628 1131 exhibere
650 1065 802 1147 primum
825 1066 998 1132 homiuem
1021 1084 1103 1131 oum
1126 1068 1264 1132 summa

165 1173 365 1255 sapientia
384 1174 419 1237 et
437 1173 637 1254 sanctitate
660 1176 766 1256 atque
785 1173 883 1239 citat:
903 1172 1009 1239 Olem.
1026 1174 1124 1240 Aleis
1139 1174 1262 1241 Strorn.

164 1281 217 1363 4,
246 1278 306 1359 25;
328 1277 463 1344 Cobort.
486 1280 521 1359 2;
544 1297 569 1344 s.
593 1278 767 1362 Theophil.
791 1280 949 1345 Antiooh.
968 1280 1014 1344 ad
1034 1281 1148 1345 Autol.
1162 1282 1262 1364 2‚³25;

172 1383 423 1452 &Irenaeum
438 1384 566 1460 Contra
585 1388 679 1452 haer.
697 1386 757 1470 IV,
781 1405 810 1452 o.
831 1387 882 1468 38,
902 1406 934 1453 n.
954 1385 1016 1468 3¹).
1040 1386 1264 1454 Contrarium

172 1511 209 1558 a
237 1493 312 1556 solo
344 1491 462 1574 Oyrill
486 1493 586 1559 Alex.
609 1494 647 1556 in
667 1493 766 1559 Joan.
792 1496 819 1575 1,
843 1494 887 1560 90
919 1495 1035 1560 doceri
1059 1498 1156 1560 notat
1168 1494 1198 1574 ⁸).
1223 1530 1264 1541 -

176 1599 340 1664 Eosdem
359 1617 402 1664 ss.
417 1599 539 1665 Patres
557 1603 593 1665 et
610 1601 716 1665 ceteri
732 1601 889 1683 theologi,
910 1604 949 1664 ut
966 1599 1141 1682 silvester,
1162 1603 1262 1684 potis·

178 1707 320 1772 simum
343 1707 463 1790 citant,
490 1707 653 1772 adhibitis
676 1708 781 1772 etiam
806 1709 883 1772 aliis
906 1709 1114 1792 quibusdam
1125 1708 1157 1788 ⁴).

182 1842 207 1865 ·-
302 1812 458 1878 Svietlov
472 1830 557 1879 vero
572 1832 615 1878 ss.
631 1815 753 1880 Patres
768 1816 803 1879 in
818 1815 906 1880 duas
925 1817 1105 1900 distinguit
1119 1817 1263 1882 classes:

192 1919 337 2002 «Usque
358 1920 404 1984 ad
427 1919 477 1984 IV
500 1939 535 2003 s,
567 1921 687 2005 inquit,
710 1922 909 1986 dominatur
932 1923 1045 2005 opinio
1068 1941 1139 2006 qua
1162 1924 1263 2006 primi

184 2032 356 2111 parentes
391 2030 443 2092 ut·
460 2029 611 2095 infantes
653 2031 925 2111 concipiuntur...
971 2030 1038 2097 Sed
1070 2031 1150 2096 inde
1182 2037 1262 2096 as.

189 2136 389 2219 Augustino
412 2141 535 2221 eoepta
558 2138 669 2202 estin
692 2138 816 2220 spiritu
840 2139 1089 2221 protestantioo
1112 2157 1173 2204 seu
1197 2140 1264 2205 sal-

188 2247 263 2308 tem
287 2260 369 2307 eum
392 2244 670 2326 expressionibus
703 2263 794 2328 quae
818 2245 1028 2310 Lutheranis
1051 2248 1176 2311 lavent
1196 2248 1264 2310 ior·

194 2350 287 2414 mari
323 2350 436 2432 opinio
468 2351 511 2416 de
542 2354 699 2432 perlecta
732 2356 1016 2434 protoparentum
1053 2353 1264 2418 maturitate

195 2454 312 2537 Quam
335 2457 538 2539 opinionem·
552 2465 691 2540 praeter
714 2478 739 2524 s.
759 2460 994 2542 Augustinum
1012 2461 1166 2542 amplexi
1184 2464 1266 2525 suut

195 2565 302 2629 etiam
316 2564 472 2647 plerique
486 2569 604 2648 patres
619 2567 816 2632 orientales:
835 2565 1024 2649 Gregorius
1039 2566 1150 2648 Nysa,
1165 2566 1187 2630 J
1188 2585 1265 2631 oan.

195 2669 333 2754 Chrys,
347 2671 368 2736 J
370 2673 470 2736 ohan.
485 2673 657 2756 Damaso,
675 2673 866 2757 Gregorius
881 2675 1039 2756 Theolog.
1054 2678 1118 2739 eto.
1134 2673 1265 2738 Verum

196 2795 281 2843 vero
318 2779 355 2842 in
390 2779 585 2862 antiquiore
617 2780 776 2845 Eoolesia
810 2799 920 2864 usque
951 2781 998 2844 ad
1021 2781 1071 2845 IV
1096 2799 1121 2846 s.
1154 2779 1266 2862 viguit

196 2885 310 2971 altera
333 2884 455 2968 opinio,
487 2887 537 2951 illi
561 2889 747 2969 contraria,
775 2906 866 2971 quae
890 2892 1020 2953 statum
1045 2892 1266 2969 protoparen-

196 2994 271 3056 tum
309 3009 389 3056 eum
427 2996 521 3057 statu
562 2995 780 3059 innocentiae
818 2995 986 3059 infantilis
1023 2995 1264 3076 comparabat:

196 3099 307 3165 veluti
331 3099 574 3184 Tertullianus,
607 3102 781 3183 Theophil.
815 3103 973 3166 Antioeh.
1006 3102 1066 3184 qui
1090 3101 1265 3193 Adamum

196 3209 279 3273 ante
302 3205 440 3288 lapsum
462 3208 569 3274 luisse
592 3209 762 3273 infantem
780 3213 816 3274 et
834 3212 950 3274 mente
972 3208 1123 3274 infantili
1144 3206 1266 3294 (νήπιος,

198 3302 362 3399 aalaidis)
386 3313 603 3397 opinabatur,
636 3333 661 3380 s.
684 3315 870 3381 irenaeus»
886 3313 917 3396 ὃ).
962 3313 1068 3380 Cuius
1101 3314 1268 3397 opinionis

195 3562 198 3567 -
307 3526 328 3592 ¹)
344 3525 531 3594 Tmonnpons.
559 3525 610 3591 lla.
636 3525 684 3580 An.
705 3525 797 3595 Hyper>
823 3526 936 3580 Oesoun.
956 3527 1121 3581 Boroooosis.
1149 3527 1215 3587 Idam
1242 3527 1269 3589 2,

197 3613 275 3669 cns.
297 3614 375 3682 1897,
395 3631 423 3684 p.
442 3615 484 3669 16.
860 3683 861 3686 ¹
1241 3615 1255 3655 ⁴·

304 3704 327 3770 ¹)
343 3704 484 3774 dnuapsrs
506 3704 590 3773 IIopu.
609 3719 654 3773 op.
674 3719 697 3757 o.
717 3704 738 3769 I,
761 3709 776 3769 ξ
799 3706 857 3774 131,
878 3720 905 3774 p.
926 3705 986 3759 200.

344 3792 387 3846 Id.
408 3793 426 3847 l.
446 3809 470 3847 o.
490 3809 517 3862 p.
537 3793 599 3861 201,
618 3793 687 3847 adn.
706 3795 749 3848 67.

307 3794 319 3828 0

304 3792 328 3947 ⁴3
346 3881 520 3951 Omnem,
541 3898 586 3951 op.
606 3897 630 3936 o.
651 3882 702 3948 Ill,
723 3888 739 3948 ξ
759 3885 802 3951 57,
823 3900 849 3952 p.
870 3884 1020 3938 408-414.

305 3971 327 4040 ⁶)
346 3970 491 4036 Cnbruorrs,
511 3986 556 4040 op.
571 3986 594 4025 e.
615 3971 653 4040 II,
673 3976 688 4036 ξ
707 3972 751 4039 39,
770 3988 798 4041 p.
818 3973 860 4041 50,
880 3973 924 4027 55.
