2872 4666
659 308 962 394 -189-'

160 527 383 624 homini,
416 559 496 607 cum
528 542 557 605 is
589 541 742 606 nondum
775 542 828 606 sui
860 533 969 624 ipsius
992 540 1317 607 determinationem

160 655 265 714 et
302 651 343 714 in
379 649 466 713 bono
499 650 800 715 confirmationem
833 652 1042 727 consecutus
1082 649 1140 729 sit;
1177 649 1318 715 minime

160 755 363 822 tamen
387 757 552 839 sequitur,
575 761 614 820 ut
637 758 743 821 etiam
766 756 867 821 homo
890 755 964 838 ipse
989 755 1075 820 nihil
1097 757 1132 820 in
1157 756 1222 820 hoc
1242 774 1318 838 pro·

160 881 344 930 eessu
370 863 645 945 participaverit.
683 861 806 928 Gratia
829 862 922 928 enim
955 861 1076 927 divina
1109 880 1178 926 non
1211 863 1318 927 alicui

168 972 345 1037 alteri
371 971 521 1034 dabatur
553 971 613 1037 sed
640 970 690 1033 illi
723 970 797 1052 ipsi,
830 987 943 1053 neque
972 969 1041 1035 alio
1063 970 1134 1035 sine
1158 971 1317 1051 dabatur,

172 1079 315 1161 nisi,
343 1081 384 1141 ut
406 1077 463 1143 ille
486 1077 560 1160 ipse
583 1083 618 1143 et
641 1095 709 1141 non
733 1077 859 1160 aliquis
891 1077 983 1142 alius
1015 1095 1094 1143 eam
1127 1077 1319 1160 susciperet

177 1193 351 1269 atque
377 1187 415 1248 ut
438 1183 521 1247 dum
545 1201 587 1248 ea
611 1183 729 1265 utitur,
753 1184 812 1249 ille
835 1183 908 1265 ipse
931 1187 966 1249 et
988 1201 1057 1248 non
1081 1184 1208 1267 aliquis
1227 1184 1335 1248 alius,

187 1309 301 1374 jaro
343 1306 385 1354 eo
420 1289 645 1354 evolveretur
681 1307 726 1353 ac
763 1294 939 1354 cresceret
975 1288 1011 1353 in
1047 1290 1124 1354 vita
1156 1308 1220 1353 sua
1252 1290 1318 1372 spi·

203 1396 376 1462 rituali.
409 1395 463 1460 Ex
486 1414 554 1479 quo
578 1397 748 1479 effecitur,
772 1402 810 1460 ut
833 1397 973 1462 minime
1005 1414 1130 1462 verum
1163 1398 1207 1461 sit
1244 1415 1317 1479 per-¹

198 1503 431 1570 sectionem
454 1502 602 1567 hominis
625 1503 731 1567 fuisse
755 1520 850 1568 mere
872 1508 1058 1568 externum
1092 1502 1158 1567 Dei
1190 1502 1317 1567 donum

212 1608 514 1692 supernaturale
538 1618 600 1672 aut
618 1612 783 1672 naturam
802 1609 950 1696 hominis
968 1609 1203 1676 abstractione
1221 1611 1318 1674 facta

220 1737 256 1783 a
280 1716 403 1798 gratia
421 1715 581 1798 originali
600 1716 707 1781 fuisse
725 1717 831 1798 plane
849 1717 1008 1799 eandem,
1023 1735 1115 1800 quae
1133 1725 1225 1782 esset
1243 1722 1319 1799 post

225 1825 404 1906 lapsum»
419 1821 448 1902 ¹).
1397 1812 1399 1820 ⁴

356 1929 537 2012 «Theologi
552 1947 637 1995 vero
656 1934 888 2012 protestantes
903 1949 922 1995 e
937 1936 1060 1995 contra
1079 1931 1163 1994 dum
1182 1948 1318 1995 omnem

237 2036 393 2102 hominis
417 2036 663 2116 perfectionem
695 2053 741 2100 ex
774 2037 847 2100 sola
880 2038 953 2101 eius
986 2043 1125 2120 natura,
1157 2054 1248 2119 quae
1272 2037 1318 2101 ad

242 2144 436 2225 imaginem
459 2142 524 2208 Dei
547 2150 669 2208 creata
692 2152 752 2225 est,
776 2143 947 2225 derivant,
972 2162 1043 2208 non·
1064 2144 1250 2209 attendunt
1272 2144 1318 2207 ad

246 2249 444 2314 maximum
465 2249 560 2313 illud
575 2255 796 2330 momentum,
820 2250 911 2332 quod
930 2251 1117 2315 continuae
1135 2249 1317 2332 providen-

247 2357 350 2422 tiales
372 2356 664 2439 educatoriaeque
687 2356 752 2421 Dei
776 2357 938 2438 actiones,
969 2358 1094 2440 quibus
1118 2359 1219 2421 homo
1241 2357 1321 2423 inde

248 2463 295 2526 ab
318 2463 394 2544 ipsa
417 2462 548 2543 origine
567 2463 806 2527 circumdatus
825 2470 911 2545 erat,
935 2465 970 2527 in
990 2464 1058 2528 hac
1077 2481 1116 2529 re
1135 2463 1320 2529 habebant.

248 2567 329 2652 Cur,
361 2587 500 2652 quaeso,
529 2569 699 2651 speciales
723 2571 804 2636 illae
828 2571 996 2652 providae
1019 2570 1084 2634 Dei
1107 2572 1261 2635 actiones
1285 2571 1320 2634 in

251 2676 425 2740 hominem
448 2674 602 2741 directae
625 2677 775 2759 luerunt,
807 2678 835 2740 si
859 2677 888 2740 is
912 2683 1039 2740 natura
1064 2694 1127 2741 sua
1146 2677 1321 2757 perlectus

248 2782 370 2848 fuisset
401 2787 508 2866 atque
539 2802 602 2865 per
634 2801 671 2849 se
703 2784 817 2865 ipsum
849 2783 1017 2848 iustitiam
1040 2786 1075 2849 et
1098 2784 1320 2848 sanctitatem

252 2964 464 2973 ————-

250 3068 313 3137 logi
331 3067 411 3120 enim
436 3066 583 3135 catholici,
611 3066 684 3121 dum
713 3083 831 3123 omnem
859 3067 986 3122 hominis
1014 3069 1045 3121 in
1074 3071 1155 3122 statu
1181 3067 1321 3135 originali

249 3157 460 3224 perfectionem
480 3155 517 3208 ad
537 3157 629 3212 solam
649 3157 897 3225 providentialem
922 3157 1243 3226 supernaturalemque
1263 3154 1319 3209 Dei

251 3245 397 3299 actionem
417 3246 561 3314 referunt,
580 3260 641 3298 non
660 3246 823 3300 attendunt
841 3246 879 3300 ad
899 3246 940 3314 id,
960 3246 1042 3315 quod
1061 3246 1147 3300 homo
1163 3245 1200 3298 ad
1216 3245 1320 3312 imagi-

238 3326 318 3388 nem
338 3335 393 3388 Dei
411 3339 530 3388 creatus
556 3340 621 3388 erat
646 3340 677 3388 et
701 3335 780 3405 quod
806 3342 964 3404 propterea
989 3337 1054 3403 ipsa
1081 3340 1190 3388 natura
1209 3349 1263 3388 sua
1282 3334 1320 3387 ad

250 3425 344 3478 vitam
363 3424 539 3479 deisimilem
558 3431 589 3478 et
608 3426 846 3480 communionem
870 3440 939 3479 cum
967 3425 1029 3479 Deo
1056 3425 1223 3478 destinatus
1243 3431 1320 3491 erat3

249 3529 379 3584 quorum
411 3515 538 3582 pignora
571 3516 696 3584 propriis
729 3515 793 3569 eius
821 3515 937 3569 viribus
969 3515 1209 3584 continebantur,
1242 3529 1319 3584 quae

249 3604 389 3673 quamvis
414 3608 533 3671 possent
559 3615 589 3657 et
614 3604 756 3658 deberent
783 3620 842 3658 non
861 3605 949 3658 aliter
968 3606 1069 3658 evolvi
1087 3610 1117 3659 et
1136 3621 1265 3679 crescere
1285 3622 1320 3659 ac

249 3691 434 3746 solummodo
452 3693 565 3747 virtute
584 3692 640 3746 Dei
658 3697 688 3747 et
706 3695 806 3762 gratia
825 3694 1079 3762 cooperantibus».

360 3783 380 3848 ¹)
393 3782 577 3852 ‚Taranncaill
593 3798 638 3852 op.
653 3799 676 3837 c.
692 3783 730 3851 Il,
748 3801 804 3836 nnn.
821 3784 863 3851 10,
883 3800 909 3852 p.
928 3784 1082 3852 128-1993
1098 3815 1126 3824 -
1146 3783 1319 3854 Cananecrps,

248 3885 296 3939 op.
316 3885 339 3924 c.
359 3871 412 3940 III,
432 3875 447 3936 ᾖ
466 3872 509 3940 58,
528 3889 554 3942 p.
575 3873 725 3927 4160417.
