<?xml version="1.0" encoding="UTF-8"?>
<!DOCTYPE html PUBLIC "-//W3C//DTD XHTML 1.0 Transitional//EN"
    "http://www.w3.org/TR/xhtml1/DTD/xhtml1-transitional.dtd">
<html xmlns="http://www.w3.org/1999/xhtml" xml:lang="en" lang="en">
 <head>
  <title>
</title>
<meta http-equiv="Content-Type" content="text/html;charset=utf-8" />
  <meta name='ocr-system' content='tesseract 3.04.00' />
  <meta name='ocr-capabilities' content='ocr_page ocr_carea ocr_par ocr_line ocrx_word'/>
</head>
<body>
  <div class='ocr_page' id='page_1' title='image "./doctrinarussoru00matgoog_0053.png"; bbox 0 0 2872 4666; ppageno 0'>
   <div class='ocr_carea' id='block_1_1' title="bbox 599 331 816 394">
    <p class='ocr_par' dir='ltr' id='par_1_1' title="bbox 599 331 816 394">
     <span class='ocr_line' id='line_1_1' title="bbox 599 331 816 394; baseline 0 -19"><span class='ocrx_word' id='word_1_1' title='bbox 599 331 816 394; x_wconf 73' lang='lat'>..42-</span> 
     </span>
    </p>
   </div>
   <div class='ocr_carea' id='block_1_2' title="bbox 92 542 1256 3100">
    <p class='ocr_par' dir='ltr' id='par_1_2' title="bbox 174 542 1253 734">
     <span class='ocr_line' id='line_1_2' title="bbox 174 542 1253 625; baseline 0.003 -19"><span class='ocrx_word' id='word_1_2' title='bbox 174 543 451 624; x_wconf 85' lang='lat' dir='ltr'><strong>confirmataque</strong></span> <span class='ocrx_word' id='word_1_3' title='bbox 467 542 510 606; x_wconf 90' lang='lat' dir='ltr'><strong>sit</strong></span> <span class='ocrx_word' id='word_1_4' title='bbox 524 550 630 625; x_wconf 87' lang='lat' dir='ltr'><strong>atque</strong></span> <span class='ocrx_word' id='word_1_5' title='bbox 644 550 763 608; x_wconf 90' lang='lat' dir='ltr'><strong>nostra</strong></span> <span class='ocrx_word' id='word_1_6' title='bbox 778 543 918 608; x_wconf 89' lang='lat' dir='ltr'><strong>demum</strong></span> <span class='ocrx_word' id='word_1_7' title='bbox 937 548 1054 608; x_wconf 83' lang='lat' dir='ltr'><strong>aetate</strong></span> <span class='ocrx_word' id='word_1_8' title='bbox 1072 545 1121 608; x_wconf 91' lang='lat' dir='ltr'><strong>ad</strong></span> <span class='ocrx_word' id='word_1_9' title='bbox 1141 545 1253 609; x_wconf 81' lang='lat' dir='ltr'><strong>finem</strong></span> 
     </span>
     <span class='ocr_line' id='line_1_3' title="bbox 175 651 355 734; baseline -0.006 -20"><span class='ocrx_word' id='word_1_10' title='bbox 175 651 355 734; x_wconf 90' lang='lat' dir='ltr'><strong>perducta.</strong></span> 
     </span>
    </p>

    <p class='ocr_par' dir='ltr' id='par_1_3' title="bbox 92 758 1255 2762">
     <span class='ocr_line' id='line_1_4' title="bbox 282 758 1253 840; baseline 0.001 -18"><span class='ocrx_word' id='word_1_11' title='bbox 282 758 336 822; x_wconf 83' lang='lat' dir='ltr'><strong>Ex</strong></span> <span class='ocrx_word' id='word_1_12' title='bbox 355 775 533 822; x_wconf 85' lang='lat' dir='ltr'><strong>russorum</strong></span> <span class='ocrx_word' id='word_1_13' title='bbox 556 759 714 840; x_wconf 88' lang='lat' dir='ltr'><strong>opinione</strong></span> <span class='ocrx_word' id='word_1_14' title='bbox 733 777 789 824; x_wconf 89' lang='lat' dir='ltr'><strong>res</strong></span> <span class='ocrx_word' id='word_1_15' title='bbox 813 761 861 823; x_wconf 91' lang='lat' dir='ltr'><strong>ita</strong></span> <span class='ocrx_word' id='word_1_16' title='bbox 881 778 918 824; x_wconf 89' lang='lat' dir='ltr'><strong>se</strong></span> <span class='ocrx_word' id='word_1_17' title='bbox 937 760 1071 825; x_wconf 89' lang='lat' dir='ltr'><strong>babuit:</strong></span> <span class='ocrx_word' id='word_1_18' title='bbox 1098 759 1253 826; x_wconf 85' lang='lat' dir='ltr'><strong>Saeculo</strong></span> 
     </span>
     <span class='ocr_line' id='line_1_5' title="bbox 176 864 1252 950; baseline -0.002 -18"><span class='ocrx_word' id='word_1_19' title='bbox 176 864 224 932; x_wconf 85' lang='lat' dir='ltr'><strong>V⁰</strong></span> <span class='ocrx_word' id='word_1_20' title='bbox 246 866 314 930; x_wconf 91' lang='lat' dir='ltr'><strong>duo</strong></span> <span class='ocrx_word' id='word_1_21' title='bbox 338 871 460 930; x_wconf 90' lang='lat' dir='ltr'><strong>exorta</strong></span> <span class='ocrx_word' id='word_1_22' title='bbox 494 871 575 930; x_wconf 92' lang='lat' dir='ltr'><strong>sunt</strong></span> <span class='ocrx_word' id='word_1_23' title='bbox 607 867 855 948; x_wconf 79' lang='lat' dir='ltr'>concipiendae</span> <span class='ocrx_word' id='word_1_24' title='bbox 887 867 1040 932; x_wconf 88' lang='lat' dir='ltr'><strong>iustitiae</strong></span> <span class='ocrx_word' id='word_1_25' title='bbox 1063 868 1252 950; x_wconf 88' lang='lat' dir='ltr'><strong>originalis</strong></span> 
     </span>
     <span class='ocr_line' id='line_1_6' title="bbox 175 973 1251 1058; baseline 0.001 -20"><span class='ocrx_word' id='word_1_26' title='bbox 175 978 211 1038; x_wconf 91' lang='lat' dir='ltr'><strong>et</strong></span> <span class='ocrx_word' id='word_1_27' title='bbox 224 973 402 1057; x_wconf 86' lang='lat' dir='ltr'><strong>originalis</strong></span> <span class='ocrx_word' id='word_1_28' title='bbox 416 975 552 1054; x_wconf 86' lang='lat' dir='ltr'><strong>peccati</strong></span> <span class='ocrx_word' id='word_1_29' title='bbox 567 980 769 1056; x_wconf 80' lang='lat' dir='ltr'><strong>systemata.</strong></span> <span class='ocrx_word' id='word_1_30' title='bbox 807 975 967 1040; x_wconf 89' lang='lat' dir='ltr'><strong>Alterum</strong></span> <span class='ocrx_word' id='word_1_31' title='bbox 981 975 1192 1058; x_wconf 85' lang='lat' dir='ltr'><strong>negativum</strong></span> <span class='ocrx_word' id='word_1_32' title='bbox 1209 1011 1251 1021; x_wconf 93' lang='lat'><em>-</em></span> 
     </span>
     <span class='ocr_line' id='line_1_7' title="bbox 177 1081 1249 1164; baseline -0.001 -18"><span class='ocrx_word' id='word_1_33' title='bbox 177 1081 316 1164; x_wconf 81' lang='lat' dir='ltr'>Pelagii,</span> <span class='ocrx_word' id='word_1_34' title='bbox 344 1082 403 1163; x_wconf 90' lang='lat' dir='ltr'><strong>qui</strong></span> <span class='ocrx_word' id='word_1_35' title='bbox 431 1081 616 1146; x_wconf 81' lang='lat' dir='ltr'><strong>essentiam</strong></span> <span class='ocrx_word' id='word_1_36' title='bbox 640 1082 778 1163; x_wconf 90' lang='lat' dir='ltr'><strong>peccati</strong></span> <span class='ocrx_word' id='word_1_37' title='bbox 801 1082 837 1145; x_wconf 91' lang='lat' dir='ltr'><strong>in</strong></span> <span class='ocrx_word' id='word_1_38' title='bbox 861 1099 958 1147; x_wconf 90' lang='lat' dir='ltr'><strong>mera</strong></span> <span class='ocrx_word' id='word_1_39' title='bbox 982 1081 1120 1164; x_wconf 90' lang='lat' dir='ltr'><strong>gratiae</strong></span> <span class='ocrx_word' id='word_1_40' title='bbox 1143 1082 1249 1146; x_wconf 86' lang='lat' dir='ltr'><strong>amis-</strong></span> 
     </span>
     <span class='ocr_line' id='line_1_8' title="bbox 175 1189 1249 1270; baseline 0.001 -17"><span class='ocrx_word' id='word_1_41' title='bbox 175 1190 271 1254; x_wconf 88' lang='lat' dir='ltr'><strong>sione</strong></span> <span class='ocrx_word' id='word_1_42' title='bbox 295 1191 414 1270; x_wconf 82' lang='lat' dir='ltr'><strong>posuit,</strong></span> <span class='ocrx_word' id='word_1_43' title='bbox 438 1208 538 1254; x_wconf 90' lang='lat' dir='ltr'><strong>omnc</strong></span> <span class='ocrx_word' id='word_1_44' title='bbox 562 1189 747 1254; x_wconf 84' lang='lat' dir='ltr'><strong>discrimen</strong></span> <span class='ocrx_word' id='word_1_45' title='bbox 776 1191 867 1255; x_wconf 86' lang='lat' dir='ltr'><strong>inter</strong></span> <span class='ocrx_word' id='word_1_46' title='bbox 890 1194 1021 1256; x_wconf 87' lang='lat' dir='ltr'><strong>statum</strong></span> <span class='ocrx_word' id='word_1_47' title='bbox 1044 1189 1175 1254; x_wconf 89' lang='lat' dir='ltr'><strong>Adami</strong></span> <span class='ocrx_word' id='word_1_48' title='bbox 1200 1191 1249 1254; x_wconf 91' lang='lat' dir='ltr'><strong>in·</strong></span> 
     </span>
     <span class='ocr_line' id='line_1_9' title="bbox 176 1296 1250 1379; baseline 0.001 -19"><span class='ocrx_word' id='word_1_49' title='bbox 176 1296 332 1361; x_wconf 89' lang='lat' dir='ltr'><strong>nocentis</strong></span> <span class='ocrx_word' id='word_1_50' title='bbox 369 1300 450 1362; x_wconf 87' lang='lat' dir='ltr'><strong>ante</strong></span> <span class='ocrx_word' id='word_1_51' title='bbox 487 1298 626 1379; x_wconf 87' lang='lat' dir='ltr'><strong>lapsum</strong></span> <span class='ocrx_word' id='word_1_52' title='bbox 658 1302 693 1361; x_wconf 89' lang='lat' dir='ltr'><strong>et</strong></span> <span class='ocrx_word' id='word_1_53' title='bbox 725 1299 867 1363; x_wconf 88' lang='lat' dir='ltr'><strong>infantis</strong></span> <span class='ocrx_word' id='word_1_54' title='bbox 904 1315 1027 1363; x_wconf 87' lang='lat' dir='ltr'><strong>recens</strong></span> <span class='ocrx_word' id='word_1_55' title='bbox 1060 1297 1136 1361; x_wconf 88' lang='lat' dir='ltr'><strong>nati</strong></span> <span class='ocrx_word' id='word_1_56' title='bbox 1170 1301 1250 1379; x_wconf 88' lang='lat' dir='ltr'><strong>post</strong></span> 
     </span>
     <span class='ocr_line' id='line_1_10' title="bbox 177 1405 1248 1487; baseline 0 -19"><span class='ocrx_word' id='word_1_57' title='bbox 177 1405 314 1486; x_wconf 89' lang='lat' dir='ltr'><strong>lapsum</strong></span> <span class='ocrx_word' id='word_1_58' title='bbox 351 1405 504 1487; x_wconf 84' lang='lat' dir='ltr'><strong>negavit,</strong></span> <span class='ocrx_word' id='word_1_59' title='bbox 541 1406 700 1487; x_wconf 85' lang='lat' dir='ltr'><strong>sequelas</strong></span> <span class='ocrx_word' id='word_1_60' title='bbox 733 1407 852 1487; x_wconf 84' lang='lat' dir='ltr'><strong>lapsus</strong></span> <span class='ocrx_word' id='word_1_61' title='bbox 884 1405 930 1470; x_wconf 90' lang='lat' dir='ltr'><strong>ad</strong></span> <span class='ocrx_word' id='word_1_62' title='bbox 962 1406 1076 1469; x_wconf 90' lang='lat' dir='ltr'><strong>solum</strong></span> <span class='ocrx_word' id='word_1_63' title='bbox 1104 1405 1248 1483; x_wconf 89' lang='lat' dir='ltr'><strong>malum,</strong></span> 
     </span>
     <span class='ocr_line' id='line_1_11' title="bbox 92 1512 1248 1596; baseline 0.001 -20"><span class='ocrx_word' id='word_1_64' title='bbox 92 1580 96 1588; x_wconf 58' lang='grc'><strong>,</strong></span> <span class='ocrx_word' id='word_1_65' title='bbox 174 1512 268 1596; x_wconf 92' lang='lat' dir='ltr'><strong>quod</strong></span> <span class='ocrx_word' id='word_1_66' title='bbox 291 1512 405 1577; x_wconf 90' lang='lat' dir='ltr'><strong>Adam</strong></span> <span class='ocrx_word' id='word_1_67' title='bbox 429 1514 526 1577; x_wconf 92' lang='lat' dir='ltr'><strong>nobis</strong></span> <span class='ocrx_word' id='word_1_68' title='bbox 550 1514 727 1594; x_wconf 86' lang='lat' dir='ltr'><strong>peccando</strong></span> <span class='ocrx_word' id='word_1_69' title='bbox 750 1513 949 1596; x_wconf 89' lang='lat' dir='ltr'><strong>reliquerat,</strong></span> <span class='ocrx_word' id='word_1_70' title='bbox 972 1513 1175 1594; x_wconf 91' lang='lat' dir='ltr'><strong>exemplum</strong></span> <span class='ocrx_word' id='word_1_71' title='bbox 1196 1530 1248 1577; x_wconf 88' lang='lat' dir='ltr'><strong>re-</strong></span> 
     </span>
     <span class='ocr_line' id='line_1_12' title="bbox 175 1620 1249 1703; baseline 0.001 -21"><span class='ocrx_word' id='word_1_72' title='bbox 175 1620 286 1684; x_wconf 91' lang='lat' dir='ltr'><strong>duxit.</strong></span> <span class='ocrx_word' id='word_1_73' title='bbox 333 1621 491 1685; x_wconf 90' lang='lat' dir='ltr'><strong>Alterum</strong></span> <span class='ocrx_word' id='word_1_74' title='bbox 539 1621 725 1702; x_wconf 89' lang='lat' dir='ltr'><strong>positivum</strong></span> <span class='ocrx_word' id='word_1_75' title='bbox 768 1658 809 1666; x_wconf 99' lang='lat'><strong>—</strong></span> <span class='ocrx_word' id='word_1_76' title='bbox 853 1640 878 1686; x_wconf 80' lang='lat' dir='ltr'><strong>s,</strong></span> <span class='ocrx_word' id='word_1_77' title='bbox 911 1620 1103 1703; x_wconf 89' lang='lat' dir='ltr'><strong>Augusini,</strong></span> <span class='ocrx_word' id='word_1_78' title='bbox 1144 1620 1249 1683; x_wconf 87' lang='lat' dir='ltr'><strong>iuxta</strong></span> 
     </span>
     <span class='ocr_line' id='line_1_13' title="bbox 175 1727 1250 1811; baseline 0 -20"><span class='ocrx_word' id='word_1_79' title='bbox 175 1746 281 1811; x_wconf 91' lang='lat' dir='ltr'><strong>quem</strong></span> <span class='ocrx_word' id='word_1_80' title='bbox 306 1731 344 1791; x_wconf 91' lang='lat' dir='ltr'><strong>ut</strong></span> <span class='ocrx_word' id='word_1_81' title='bbox 368 1728 467 1792; x_wconf 90' lang='lat' dir='ltr'><strong>homo</strong></span> <span class='ocrx_word' id='word_1_82' title='bbox 491 1729 655 1794; x_wconf 80' lang='lat' dir='ltr'><strong>innocens</strong></span> <span class='ocrx_word' id='word_1_83' title='bbox 679 1729 792 1810; x_wconf 91' lang='lat' dir='ltr'><strong>plena,</strong></span> <span class='ocrx_word' id='word_1_84' title='bbox 815 1728 975 1792; x_wconf 84' lang='lat' dir='ltr'><strong>absoluta</strong></span> <span class='ocrx_word' id='word_1_85' title='bbox 999 1731 1035 1793; x_wconf 89' lang='lat' dir='ltr'><strong>et</strong></span> <span class='ocrx_word' id='word_1_86' title='bbox 1052 1727 1146 1792; x_wconf 92' lang='lat' dir='ltr'><strong>omni</strong></span> <span class='ocrx_word' id='word_1_87' title='bbox 1171 1745 1250 1809; x_wconf 88' lang='lat' dir='ltr'><strong>per·</strong></span> 
     </span>
     <span class='ocr_line' id='line_1_14' title="bbox 176 1833 1251 1918; baseline -0.001 -20"><span class='ocrx_word' id='word_1_88' title='bbox 176 1835 325 1900; x_wconf 77' lang='lat' dir='ltr'><strong>tectione</strong></span> <span class='ocrx_word' id='word_1_89' title='bbox 343 1835 526 1916; x_wconf 82' lang='lat' dir='ltr'><strong>gaudebat,</strong></span> <span class='ocrx_word' id='word_1_90' title='bbox 546 1838 594 1899; x_wconf 91' lang='lat' dir='ltr'><strong>ita</strong></span> <span class='ocrx_word' id='word_1_91' title='bbox 611 1837 728 1917; x_wconf 86' lang='lat' dir='ltr'><strong>lapsus</strong></span> <span class='ocrx_word' id='word_1_92' title='bbox 746 1837 858 1917; x_wconf 89' lang='lat' dir='ltr'><strong>plane,</strong></span> <span class='ocrx_word' id='word_1_93' title='bbox 879 1835 1057 1918; x_wconf 82' lang='lat' dir='ltr'><strong>profunde,</strong></span> <span class='ocrx_word' id='word_1_94' title='bbox 1076 1833 1251 1898; x_wconf 85' lang='lat' dir='ltr'><strong>radicitus</strong></span> 
     </span>
     <span class='ocr_line' id='line_1_15' title="bbox 178 1941 1252 2024; baseline -0.001 -18"><span class='ocrx_word' id='word_1_95' title='bbox 178 1946 364 2023; x_wconf 87' lang='lat' dir='ltr'><strong>corruptus</strong></span> <span class='ocrx_word' id='word_1_96' title='bbox 384 1947 445 2024; x_wconf 88' lang='lat' dir='ltr'><strong>est,</strong></span> <span class='ocrx_word' id='word_1_97' title='bbox 469 1947 752 2024; x_wconf 88' lang='lat' dir='ltr'><strong>protoparentum</strong></span> <span class='ocrx_word' id='word_1_98' title='bbox 776 1946 962 2024; x_wconf 90' lang='lat' dir='ltr'><strong>peccatum</strong></span> <span class='ocrx_word' id='word_1_99' title='bbox 993 1941 1169 2022; x_wconf 90' lang='lat' dir='ltr'><strong>(nimirum</strong></span> <span class='ocrx_word' id='word_1_100' title='bbox 1205 1960 1252 2006; x_wconf 86' lang='lat' dir='ltr'><strong>ex</strong></span> 
     </span>
     <span class='ocr_line' id='line_1_16' title="bbox 176 2048 1253 2132; baseline 0 -18"><span class='ocrx_word' id='word_1_101' title='bbox 176 2069 203 2115; x_wconf 85' lang='lat' dir='ltr'><strong>s.</strong></span> <span class='ocrx_word' id='word_1_102' title='bbox 228 2049 414 2132; x_wconf 85' lang='lat' dir='ltr'><strong>Augustini</strong></span> <span class='ocrx_word' id='word_1_103' title='bbox 438 2050 631 2129; x_wconf 80' lang='lat' dir='ltr'><strong>sententiat)</strong></span> <span class='ocrx_word' id='word_1_104' title='bbox 653 2068 763 2132; x_wconf 91' lang='lat' dir='ltr'><strong>genus</strong></span> <span class='ocrx_word' id='word_1_105' title='bbox 787 2051 980 2114; x_wconf 91' lang='lat' dir='ltr'><strong>humanum</strong></span> <span class='ocrx_word' id='word_1_106' title='bbox 1009 2048 1192 2114; x_wconf 86' lang='lat' dir='ltr'><strong>moraliter</strong></span> <span class='ocrx_word' id='word_1_107' title='bbox 1217 2054 1253 2115; x_wconf 88' lang='lat' dir='ltr'><strong>et</strong></span> 
     </span>
     <span class='ocr_line' id='line_1_17' title="bbox 178 2157 1252 2241; baseline 0.002 -20"><span class='ocrx_word' id='word_1_108' title='bbox 178 2158 324 2240; x_wconf 82' lang='lat' dir='ltr'><strong>physice</strong></span> <span class='ocrx_word' id='word_1_109' title='bbox 337 2157 357 2236; x_wconf 86' lang='lat'><strong>¹)</strong></span> <span class='ocrx_word' id='word_1_110' title='bbox 389 2157 491 2223; x_wconf 89' lang='lat' dir='ltr'><strong>laesit</strong></span> <span class='ocrx_word' id='word_1_111' title='bbox 513 2163 618 2240; x_wconf 90' lang='lat' dir='ltr'><strong>atque</strong></span> <span class='ocrx_word' id='word_1_112' title='bbox 642 2176 710 2222; x_wconf 94' lang='lat' dir='ltr'><strong>non</strong></span> <span class='ocrx_word' id='word_1_113' title='bbox 734 2159 845 2222; x_wconf 87' lang='lat' dir='ltr'><strong>solum</strong></span> <span class='ocrx_word' id='word_1_114' title='bbox 869 2158 1006 2222; x_wconf 89' lang='lat' dir='ltr'><strong>morbos</strong></span> <span class='ocrx_word' id='word_1_115' title='bbox 1029 2160 1252 2241; x_wconf 83' lang='lat' dir='ltr'><strong>mortemque</strong></span> 
     </span>
     <span class='ocr_line' id='line_1_18' title="bbox 176 2264 1252 2348; baseline 0.001 -20"><span class='ocrx_word' id='word_1_116' title='bbox 176 2267 214 2330; x_wconf 88' lang='lat' dir='ltr'><strong>in</strong></span> <span class='ocrx_word' id='word_1_117' title='bbox 238 2267 406 2330; x_wconf 92' lang='lat' dir='ltr'><strong>mundum</strong></span> <span class='ocrx_word' id='word_1_118' title='bbox 428 2266 554 2348; x_wconf 87' lang='lat' dir='ltr'><strong>intulit,</strong></span> <span class='ocrx_word' id='word_1_119' title='bbox 577 2267 762 2331; x_wconf 89' lang='lat' dir='ltr'><strong>sedetiam</strong></span> <span class='ocrx_word' id='word_1_120' title='bbox 784 2266 820 2329; x_wconf 92' lang='lat' dir='ltr'><strong>in</strong></span> <span class='ocrx_word' id='word_1_121' title='bbox 843 2266 917 2347; x_wconf 91' lang='lat' dir='ltr'><strong>ipso</strong></span> <span class='ocrx_word' id='word_1_122' title='bbox 941 2264 1078 2330; x_wconf 89' lang='lat' dir='ltr'><strong>homine</strong></span> <span class='ocrx_word' id='word_1_123' title='bbox 1107 2266 1252 2346; x_wconf 83' lang='lat' dir='ltr'><strong>profun-</strong></span> 
     </span>
     <span class='ocr_line' id='line_1_19' title="bbox 176 2372 1252 2455; baseline -0.001 -18"><span class='ocrx_word' id='word_1_124' title='bbox 176 2375 317 2439; x_wconf 88' lang='lat' dir='ltr'><strong>dissime</strong></span> <span class='ocrx_word' id='word_1_125' title='bbox 349 2374 512 2454; x_wconf 89' lang='lat' dir='ltr'><strong>depravit</strong></span> <span class='ocrx_word' id='word_1_126' title='bbox 542 2374 607 2438; x_wconf 91' lang='lat' dir='ltr'><strong>Dei</strong></span> <span class='ocrx_word' id='word_1_127' title='bbox 640 2374 835 2455; x_wconf 84' lang='lat' dir='ltr'><strong>imaginem,</strong></span> <span class='ocrx_word' id='word_1_128' title='bbox 867 2372 1018 2438; x_wconf 85' lang='lat' dir='ltr'><strong>extinxit</strong></span> <span class='ocrx_word' id='word_1_129' title='bbox 1051 2373 1171 2438; x_wconf 92' lang='lat' dir='ltr'><strong>lumen</strong></span> <span class='ocrx_word' id='word_1_130' title='bbox 1197 2391 1252 2437; x_wconf 89' lang='lat' dir='ltr'><strong>ra·</strong></span> 
     </span>
     <span class='ocr_line' id='line_1_20' title="bbox 177 2481 1254 2563; baseline 0 -18"><span class='ocrx_word' id='word_1_131' title='bbox 177 2482 287 2562; x_wconf 73' lang='lat' dir='ltr'><strong>tionis</strong></span> <span class='ocrx_word' id='word_1_132' title='bbox 324 2481 496 2546; x_wconf 87' lang='lat' dir='ltr'><strong>destruxit</strong></span> <span class='ocrx_word' id='word_1_133' title='bbox 528 2482 675 2546; x_wconf 89' lang='lat' dir='ltr'><strong>liberum</strong></span> <span class='ocrx_word' id='word_1_134' title='bbox 708 2481 901 2563; x_wconf 85' lang='lat' dir='ltr'><strong>arbitrium,</strong></span> <span class='ocrx_word' id='word_1_135' title='bbox 935 2481 1044 2545; x_wconf 89' lang='lat' dir='ltr'><strong>solam</strong></span> <span class='ocrx_word' id='word_1_136' title='bbox 1076 2482 1254 2561; x_wconf 80' lang='lat' dir='ltr'><strong>peccandi</strong></span> 
     </span>
     <span class='ocr_line' id='line_1_21' title="bbox 178 2586 1255 2671; baseline 0 -19"><span class='ocrx_word' id='word_1_137' title='bbox 178 2590 375 2655; x_wconf 84' lang='lat' dir='ltr'><strong>libertatem</strong></span> <span class='ocrx_word' id='word_1_138' title='bbox 394 2589 542 2671; x_wconf 89' lang='lat' dir='ltr'><strong>reliquit.</strong></span> <span class='ocrx_word' id='word_1_139' title='bbox 567 2626 606 2634; x_wconf 88' lang='lat'><em>-</em></span> <span class='ocrx_word' id='word_1_140' title='bbox 632 2586 732 2668; x_wconf 79' lang='lat' dir='ltr'><strong>Quae</strong></span> <span class='ocrx_word' id='word_1_141' title='bbox 761 2590 924 2671; x_wconf 86' lang='lat' dir='ltr'><strong>sequelae</strong></span> <span class='ocrx_word' id='word_1_142' title='bbox 955 2588 1183 2670; x_wconf 86' lang='lat' dir='ltr'><strong>generatione</strong></span> <span class='ocrx_word' id='word_1_143' title='bbox 1218 2589 1255 2652; x_wconf 89' lang='lat' dir='ltr'><strong>in</strong></span> 
     </span>
     <span class='ocr_line' id='line_1_22' title="bbox 176 2697 690 2762; baseline -0.002 -1"><span class='ocrx_word' id='word_1_144' title='bbox 176 2715 297 2762; x_wconf 91' lang='lat' dir='ltr'><strong>omnes</strong></span> <span class='ocrx_word' id='word_1_145' title='bbox 321 2701 504 2760; x_wconf 89' lang='lat' dir='ltr'><strong>transeunt</strong></span> <span class='ocrx_word' id='word_1_146' title='bbox 527 2697 690 2760; x_wconf 88' lang='lat' dir='ltr'><strong>homines.</strong></span> 
     </span>
    </p>

    <p class='ocr_par' dir='ltr' id='par_1_4' title="bbox 176 2800 1256 3100">
     <span class='ocr_line' id='line_1_23' title="bbox 288 2800 1255 2886; baseline 0.001 -18"><span class='ocrx_word' id='word_1_147' title='bbox 288 2804 366 2868; x_wconf 91' lang='lat' dir='ltr'><strong>Post</strong></span> <span class='ocrx_word' id='word_1_148' title='bbox 390 2823 415 2868; x_wconf 91' lang='lat' dir='ltr'><strong>s.</strong></span> <span class='ocrx_word' id='word_1_149' title='bbox 440 2804 672 2886; x_wconf 88' lang='lat' dir='ltr'><strong>Augustinum</strong></span> <span class='ocrx_word' id='word_1_150' title='bbox 706 2807 850 2885; x_wconf 89' lang='lat' dir='ltr'><strong>coeptae</strong></span> <span class='ocrx_word' id='word_1_151' title='bbox 882 2807 964 2868; x_wconf 86' lang='lat' dir='ltr'><strong>sunt</strong></span> <span class='ocrx_word' id='word_1_152' title='bbox 996 2803 1032 2867; x_wconf 90' lang='lat' dir='ltr'><strong>in</strong></span> <span class='ocrx_word' id='word_1_153' title='bbox 1060 2800 1255 2868; x_wconf 87' lang='lat' dir='ltr'><strong>Occidente</strong></span> 
     </span>
     <span class='ocr_line' id='line_1_24' title="bbox 176 2910 1256 2995; baseline -0.004 -17"><span class='ocrx_word' id='word_1_154' title='bbox 176 2912 448 2994; x_wconf 86' lang='lat' dir='ltr'><strong>controversiae,</strong></span> <span class='ocrx_word' id='word_1_155' title='bbox 481 2930 572 2995; x_wconf 90' lang='lat' dir='ltr'><strong>quae</strong></span> <span class='ocrx_word' id='word_1_156' title='bbox 606 2929 724 2976; x_wconf 88' lang='lat' dir='ltr'><strong>secum</strong></span> <span class='ocrx_word' id='word_1_157' title='bbox 757 2912 913 2975; x_wconf 91' lang='lat' dir='ltr'><strong>tulerunt</strong></span> <span class='ocrx_word' id='word_1_158' title='bbox 945 2911 988 2990; x_wconf 88' lang='lat' dir='ltr'><strong>id,</strong></span> <span class='ocrx_word' id='word_1_159' title='bbox 1020 2911 1111 2992; x_wconf 87' lang='lat' dir='ltr'><strong>quod</strong></span> <span class='ocrx_word' id='word_1_160' title='bbox 1145 2910 1256 2991; x_wconf 84' lang='lat' dir='ltr'><strong>hujus</strong></span> 
     </span>
     <span class='ocr_line' id='line_1_25' title="bbox 177 3018 1255 3100; baseline -0.005 -15"><span class='ocrx_word' id='word_1_161' title='bbox 177 3019 248 3085; x_wconf 83' lang='lat' dir='ltr'><strong>uiri</strong></span> <span class='ocrx_word' id='word_1_162' title='bbox 272 3019 430 3083; x_wconf 87' lang='lat' dir='ltr'><strong>doctrina</strong></span> <span class='ocrx_word' id='word_1_163' title='bbox 463 3019 590 3084; x_wconf 91' lang='lat' dir='ltr'><strong>sensim</strong></span> <span class='ocrx_word' id='word_1_164' title='bbox 613 3019 810 3100; x_wconf 88' lang='lat' dir='ltr'><strong>sensimque</strong></span> <span class='ocrx_word' id='word_1_165' title='bbox 833 3018 1018 3082; x_wconf 87' lang='lat' dir='ltr'><strong>immutata</strong></span> <span class='ocrx_word' id='word_1_166' title='bbox 1041 3021 1133 3082; x_wconf 86' lang='lat' dir='ltr'><strong>esset</strong></span> <span class='ocrx_word' id='word_1_167' title='bbox 1156 3018 1255 3098; x_wconf 86' lang='lat' dir='ltr'><strong>peni·</strong></span> 
     </span>
    </p>
   </div>
   <div class='ocr_carea' id='block_1_3' title="bbox 177 3282 1258 4079">
    <p class='ocr_par' dir='ltr' id='par_1_5' title="bbox 177 3282 1258 4079">
     <span class='ocr_line' id='line_1_26' title="bbox 289 3282 1253 3357; baseline -0.005 -15"><span class='ocrx_word' id='word_1_168' title='bbox 289 3293 308 3356; x_wconf 83' lang='lat'><strong>¹)</strong></span> <span class='ocrx_word' id='word_1_169' title='bbox 327 3289 436 3357; x_wconf 77' lang='lat' dir='ltr'><strong>llepoxn</strong></span> <span class='ocrx_word' id='word_1_170' title='bbox 454 3288 506 3340; x_wconf 78' lang='grc' dir='ltr'><strong>ΗΒ.</strong></span> <span class='ocrx_word' id='word_1_171' title='bbox 525 3287 705 3355; x_wconf 67' lang='lat' dir='ltr'><strong>Pyxononoruo</strong></span> <span class='ocrx_word' id='word_1_172' title='bbox 728 3284 972 3339; x_wconf 75' lang='lat' dir='ltr'><strong>1m06n1rnrrennn.</strong></span> <span class='ocrx_word' id='word_1_173' title='bbox 993 3282 1161 3337; x_wconf 81' lang='lat' dir='ltr'><strong>Boroonosiro.</strong></span> <span class='ocrx_word' id='word_1_174' title='bbox 1184 3283 1253 3345; x_wconf 68' lang='lat' dir='ltr'><strong>Han.</strong></span> 
     </span>
     <span class='ocr_line' id='line_1_27' title="bbox 180 3372 1255 3447; baseline -0.007 -12"><span class='ocrx_word' id='word_1_175' title='bbox 180 3382 206 3435; x_wconf 89' lang='grc'><strong>4.</strong></span> <span class='ocrx_word' id='word_1_176' title='bbox 225 3381 330 3432; x_wconf 75' lang='lat' dir='ltr'><strong>Paeane</strong></span> <span class='ocrx_word' id='word_1_177' title='bbox 350 3378 418 3434; x_wconf 80' lang='lat'>1897</span> <span class='ocrx_word' id='word_1_178' title='bbox 439 3394 465 3447; x_wconf 89' lang='lat' dir='ltr'><strong>p.</strong></span> <span class='ocrx_word' id='word_1_179' title='bbox 484 3378 532 3446; x_wconf 72' lang='lat'><strong>453</strong></span> <span class='ocrx_word' id='word_1_180' title='bbox 552 3408 585 3415; x_wconf 95' lang='lat'>—</span> <span class='ocrx_word' id='word_1_181' title='bbox 599 3376 747 3429; x_wconf 61' lang='lat' dir='ltr'><strong>l&#39;ouencniii</strong></span> <span class='ocrx_word' id='word_1_182' title='bbox 765 3374 812 3427; x_wconf 82' lang='lat' dir='ltr'><strong>En.</strong></span> <span class='ocrx_word' id='word_1_183' title='bbox 832 3373 961 3429; x_wconf 68' lang='lat' dir='ltr'><strong>oomni.</strong></span> <span class='ocrx_word' id='word_1_184' title='bbox 982 3377 1118 3427; x_wconf 79' lang='lat' dir='ltr'><strong>Borooroa.</strong></span> <span class='ocrx_word' id='word_1_185' title='bbox 1138 3372 1207 3433; x_wconf 66' lang='lat' dir='ltr'><strong>Idex.</strong></span> <span class='ocrx_word' id='word_1_186' title='bbox 1229 3375 1255 3427; x_wconf 87' lang='grc'><strong>8.</strong></span> 
     </span>
     <span class='ocr_line' id='line_1_28' title="bbox 180 3461 1256 3538; baseline -0.007 -13"><span class='ocrx_word' id='word_1_187' title='bbox 180 3470 259 3525; x_wconf 84' lang='lat' dir='ltr'><strong>CllB.</strong></span> <span class='ocrx_word' id='word_1_188' title='bbox 281 3469 358 3536; x_wconf 83' lang='grc'><strong>1894,</strong></span> <span class='ocrx_word' id='word_1_189' title='bbox 377 3486 404 3538; x_wconf 92' lang='lat' dir='ltr'><strong>p.</strong></span> <span class='ocrx_word' id='word_1_190' title='bbox 424 3468 460 3522; x_wconf 80' lang='lat'><strong>34</strong></span> <span class='ocrx_word' id='word_1_191' title='bbox 478 3467 619 3521; x_wconf 86' lang='lat' dir='ltr'><strong>adscribit</strong></span> <span class='ocrx_word' id='word_1_192' title='bbox 639 3480 660 3519; x_wconf 88' lang='lat' dir='ltr'><strong>s.</strong></span> <span class='ocrx_word' id='word_1_193' title='bbox 680 3464 851 3533; x_wconf 87' lang='lat' dir='ltr'><strong>Augustino</strong></span> <span class='ocrx_word' id='word_1_194' title='bbox 877 3479 946 3518; x_wconf 91' lang='lat' dir='ltr'><strong>cum</strong></span> <span class='ocrx_word' id='word_1_195' title='bbox 973 3462 1128 3517; x_wconf 88' lang='lat' dir='ltr'><strong>admisisse</strong></span> <span class='ocrx_word' id='word_1_196' title='bbox 1139 3461 1256 3531; x_wconf 83' lang='lat' dir='ltr'><strong>&#39;depra-</strong></span> 
     </span>
     <span class='ocr_line' id='line_1_29' title="bbox 180 3552 1255 3628; baseline -0.006 -15"><span class='ocrx_word' id='word_1_197' title='bbox 180 3563 332 3614; x_wconf 87' lang='lat' dir='ltr'><strong>vationem</strong></span> <span class='ocrx_word' id='word_1_198' title='bbox 348 3564 468 3628; x_wconf 85' lang='lat' dir='ltr'><strong>peccato</strong></span> <span class='ocrx_word' id='word_1_199' title='bbox 483 3561 611 3612; x_wconf 87' lang='lat' dir='ltr'><strong>naturae</strong></span> <span class='ocrx_word' id='word_1_200' title='bbox 625 3556 774 3608; x_wconf 88' lang='lat' dir='ltr'><strong>humanae</strong></span> <span class='ocrx_word' id='word_1_201' title='bbox 790 3554 951 3623; x_wconf 86' lang='lat' dir='ltr'><strong>spiritualis</strong></span> <span class='ocrx_word' id='word_1_202' title='bbox 966 3552 1145 3620; x_wconf 83' lang='lat' dir='ltr'><strong>moralisque</strong></span> <span class='ocrx_word' id='word_1_203' title='bbox 1160 3559 1255 3622; x_wconf 89' lang='lat' dir='ltr'><strong>atque</strong></span> 
     </span>
     <span class='ocr_line' id='line_1_30' title="bbox 181 3641 1254 3720; baseline -0.007 -17"><span class='ocrx_word' id='word_1_204' title='bbox 181 3651 328 3720; x_wconf 79' lang='lat' dir='ltr'><strong>physicae.</strong></span> <span class='ocrx_word' id='word_1_205' title='bbox 349 3680 382 3687; x_wconf 89' lang='lat'>-</span> <span class='ocrx_word' id='word_1_206' title='bbox 402 3649 508 3717; x_wconf 88' lang='lat' dir='ltr'><strong>ltaque</strong></span> <span class='ocrx_word' id='word_1_207' title='bbox 523 3647 599 3700; x_wconf 84' lang='lat' dir='ltr'><strong>russi</strong></span> <span class='ocrx_word' id='word_1_208' title='bbox 614 3644 757 3698; x_wconf 90' lang='lat' dir='ltr'><strong>videntur</strong></span> <span class='ocrx_word' id='word_1_209' title='bbox 773 3660 794 3698; x_wconf 89' lang='lat' dir='ltr'><strong>s.</strong></span> <span class='ocrx_word' id='word_1_210' title='bbox 810 3643 980 3712; x_wconf 81' lang='lat' dir='ltr'><strong>Augustino</strong></span> <span class='ocrx_word' id='word_1_211' title='bbox 995 3642 1128 3695; x_wconf 85' lang='lat' dir='ltr'><strong>tribucre</strong></span> <span class='ocrx_word' id='word_1_212' title='bbox 1143 3641 1254 3696; x_wconf 88' lang='lat' dir='ltr'><strong>doctri-</strong></span> 
     </span>
     <span class='ocr_line' id='line_1_31' title="bbox 180 3732 1256 3807; baseline -0.007 -13"><span class='ocrx_word' id='word_1_213' title='bbox 180 3757 264 3795; x_wconf 86' lang='lat' dir='ltr'><strong>nam:</strong></span> <span class='ocrx_word' id='word_1_214' title='bbox 282 3741 425 3792; x_wconf 89' lang='lat' dir='ltr'><strong>nimirum</strong></span> <span class='ocrx_word' id='word_1_215' title='bbox 444 3753 541 3807; x_wconf 87' lang='lat' dir='ltr'><strong>genus</strong></span> <span class='ocrx_word' id='word_1_216' title='bbox 560 3738 725 3791; x_wconf 90' lang='lat' dir='ltr'><strong>humanum</strong></span> <span class='ocrx_word' id='word_1_217' title='bbox 741 3733 838 3803; x_wconf 89' lang='lat' dir='ltr'><strong>quoad</strong></span> <span class='ocrx_word' id='word_1_218' title='bbox 853 3735 984 3788; x_wconf 90' lang='lat' dir='ltr'><strong>animam</strong></span> <span class='ocrx_word' id='word_1_219' title='bbox 998 3738 1028 3785; x_wconf 88' lang='lat' dir='ltr'><strong>et</strong></span> <span class='ocrx_word' id='word_1_220' title='bbox 1042 3746 1150 3800; x_wconf 88' lang='lat' dir='ltr'><strong>corpus</strong></span> <span class='ocrx_word' id='word_1_221' title='bbox 1164 3732 1256 3800; x_wconf 84' lang='lat' dir='ltr'><strong>plane</strong></span> 
     </span>
     <span class='ocr_line' id='line_1_32' title="bbox 177 3821 1256 3898; baseline -0.008 -13"><span class='ocrx_word' id='word_1_222' title='bbox 177 3834 354 3898; x_wconf 84' lang='lat' dir='ltr'><strong>corruptum</strong></span> <span class='ocrx_word' id='word_1_223' title='bbox 387 3843 450 3882; x_wconf 87' lang='lat' dir='ltr'><strong>esse</strong></span> <span class='ocrx_word' id='word_1_224' title='bbox 485 3832 605 3896; x_wconf 84' lang='lat' dir='ltr'><strong>peccato</strong></span> <span class='ocrx_word' id='word_1_225' title='bbox 638 3829 728 3894; x_wconf 88' lang='lat' dir='ltr'><strong>atque</strong></span> <span class='ocrx_word' id='word_1_226' title='bbox 758 3823 795 3878; x_wconf 90' lang='lat' dir='ltr'><strong>ad</strong></span> <span class='ocrx_word' id='word_1_227' title='bbox 819 3823 971 3877; x_wconf 86' lang='lat' dir='ltr'><strong>moraliter</strong></span> <span class='ocrx_word' id='word_1_228' title='bbox 996 3822 1071 3874; x_wconf 88' lang='lat' dir='ltr'><strong>bene</strong></span> <span class='ocrx_word' id='word_1_229' title='bbox 1097 3821 1256 3889; x_wconf 90' lang='lat' dir='ltr'><strong>agendum</strong></span> 
     </span>
     <span class='ocr_line' id='line_1_33' title="bbox 181 3913 1258 3987; baseline -0.006 -14"><span class='ocrx_word' id='word_1_230' title='bbox 181 3923 294 3975; x_wconf 85' lang='lat' dir='ltr'><strong>factum</strong></span> <span class='ocrx_word' id='word_1_231' title='bbox 308 3934 372 3972; x_wconf 88' lang='lat' dir='ltr'><strong>esse</strong></span> <span class='ocrx_word' id='word_1_232' title='bbox 386 3919 521 3987; x_wconf 85' lang='lat' dir='ltr'><strong>incapax.</strong></span> <span class='ocrx_word' id='word_1_233' title='bbox 541 3916 607 3971; x_wconf 91' lang='lat' dir='ltr'><strong>Vid.</strong></span> <span class='ocrx_word' id='word_1_234' title='bbox 622 3916 735 3968; x_wconf 75' lang='lat' dir='ltr'><strong>Trnosx.</strong></span> <span class='ocrx_word' id='word_1_235' title='bbox 758 3914 845 3982; x_wconf 84' lang='lat' dir='ltr'><strong>Poopr.</strong></span> <span class='ocrx_word' id='word_1_236' title='bbox 874 3913 967 3982; x_wconf 80' lang='lat' dir='ltr'><strong>l&#39;ponu</strong></span> <span class='ocrx_word' id='word_1_237' title='bbox 994 3928 1025 3964; x_wconf 92' lang='lat' dir='ltr'><strong>no</strong></span> <span class='ocrx_word' id='word_1_238' title='bbox 1052 3927 1258 3981; x_wconf 78' lang='lat' dir='ltr'><strong>npompannouy</strong></span> 
     </span>
     <span class='ocr_line' id='line_1_34' title="bbox 180 4000 1138 4079; baseline -0.011 -15"><span class='ocrx_word' id='word_1_239' title='bbox 180 4012 278 4079; x_wconf 80' lang='lat' dir='ltr'><strong>Xpncr.</strong></span> <span class='ocrx_word' id='word_1_240' title='bbox 299 4009 476 4074; x_wconf 79' lang='lat' dir='ltr'><strong>llnnrxusuoy.</strong></span> <span class='ocrx_word' id='word_1_241' title='bbox 496 4007 560 4066; x_wconf 77' lang='lat' dir='ltr'><strong>lien.</strong></span> <span class='ocrx_word' id='word_1_242' title='bbox 581 4006 605 4058; x_wconf 90' lang='grc'><strong>8.</strong></span> <span class='ocrx_word' id='word_1_243' title='bbox 626 4005 703 4058; x_wconf 83' lang='lat' dir='ltr'><strong>CIIB.</strong></span> <span class='ocrx_word' id='word_1_244' title='bbox 725 4003 801 4070; x_wconf 89' lang='grc'><strong>1889,</strong></span> <span class='ocrx_word' id='word_1_245' title='bbox 821 4003 843 4069; x_wconf 88' lang='grc' dir='ltr'><strong>Ι,</strong></span> <span class='ocrx_word' id='word_1_246' title='bbox 862 4019 948 4071; x_wconf 68' lang='lat' dir='ltr'><strong>ypoan,</strong></span> <span class='ocrx_word' id='word_1_247' title='bbox 966 4002 1009 4069; x_wconf 89' lang='grc'><strong>88,</strong></span> <span class='ocrx_word' id='word_1_248' title='bbox 1029 4016 1056 4070; x_wconf 82' lang='grc' dir='ltr'><strong>ρ.</strong></span> <span class='ocrx_word' id='word_1_249' title='bbox 1076 4000 1138 4054; x_wconf 87' lang='grc'><strong>888.</strong></span> 
     </span>
    </p>
   </div>
   <div class='ocr_carea' id='block_1_4' title="bbox 0 0 1445 4666">
    <p class='ocr_par' dir='ltr' id='par_1_6' title="bbox 0 0 1445 4666">
     <span class='ocr_line' id='line_1_35' title="bbox 0 0 1445 4666; baseline 0 0"><span class='ocrx_word' id='word_1_250' title='bbox 0 0 1445 4666; x_wconf 95' lang='lat' dir='ltr'><strong> </strong></span> 
     </span>
    </p>
   </div>
  </div>
 </body>
</html>
