2872 4666
643 272 861 337 -88-

213 489 296 570 quia
320 486 536 551 abstractive
555 486 673 549 anima
691 485 906 567 potissimum
931 504 992 567 per
1011 486 1271 553 similitudinem
1283 487 1367 556 ἢ

213 596 354 678 quaein
369 594 444 675 ipsa
458 593 662 674 resplendet,
682 593 795 657 Deum
810 602 1043 676 cognosceret,
1057 595 1148 660 haec
1162 600 1350 660 antenfi

215 701 401 767 similitudo
429 719 497 765 non
529 700 695 781 exprimit
727 702 881 782 perfecte
902 701 1060 765 divinam
1082 704 1310 778 essentiam,
1347 758 1350 763 .
1423 739 1436 776 ,-

214 825 429 890 consequens
462 811 562 884 esset,
595 810 633 870 ut
665 825 734 870 non
768 812 992 888 cognosceret
1014 807 1129 873 Deum
1153 810 1302 875 nisiex
1408 808 1433 867 il

215 924 322 999 parte.
368 914 540 979 Intuitiva
563 931 648 978 vero
672 914 867 996 cognitione
890 914 1022 979 videbit
1043 915 1134 979 Eum
1158 921 1285 982 totum:

218 1030 321 1087 «tunc
336 1039 545 1103 cognoscam
561 1021 652 1084 sicut
669 1025 705 1086 et
723 1021 883 1102 cognitus
898 1039 994 1085 sum»
1016 1024 1044 1098 (l
1061 1019 1138 1087 Cor.
1157 1025 1210 1103 13,
1227 1026 1286 1102 12).
1409 999 1436 1051 ⁸*

215 1133 330 1214 Atque
353 1131 418 1193 hoc
441 1131 494 1194 est
517 1129 702 1193 essentiale
725 1129 911 1193 discrimen
938 1128 1028 1192 inter
1050 1130 1284 1211 cognitionem
1418 1108 1430 1123 ’

213 1236 470 1305 abstractivam
494 1240 529 1300 et
553 1234 754 1299 intuitivam
777 1254 823 1300 ex
846 1239 946 1317 parte
964 1235 1015 1301 rei
1034 1236 1142 1301 visae.
1166 1235 1285 1317 Quan-

214 1360 288 1411 tum
312 1345 357 1408 ad
382 1343 571 1424 potentiam
595 1342 758 1424 visivam,
790 1360 872 1407 curn
894 1343 940 1406 ad
963 1343 1196 1426 cognitionem
1221 1345 1287 1411 Dei

213 1451 469 1518 abstractivam
493 1451 597 1530 plane
621 1450 798 1514 sufficeret
822 1451 939 1514 lumen
962 1451 1136 1533 naturale,
1159 1452 1208 1516 ad
1231 1471 1287 1517 co-

213 1559 402 1641 gnitionem
433 1557 632 1620 intuitivam
666 1557 741 1620 fieri
776 1574 844 1620 non
868 1560 980 1638 potest
1001 1558 1086 1638 quin
1109 1576 1211 1623 mens
1234 1578 1288 1624 as·

213 1666 341 1732 cendat
364 1663 429 1728 nisi
453 1667 650 1728 confortata
674 1664 803 1728 lumine
826 1664 962 1745 gratiae
985 1682 1047 1728 seu
1070 1665 1216 1746 gloriae,
1251 1674 1290 1730 ut

213 1774 346 1838 dicunt:
365 1775 419 1836 ‹et
432 1771 468 1833 in
482 1771 612 1835 lumine
631 1775 689 1834 tuo
709 1769 904 1834 videbimus
923 1771 1059 1836 lumen»
1076 1771 1140 1849 (Ps.
1155 1773 1211 1854 35,
1228 1774 1291 1851 10).

215 1880 262 1945 Ut
285 1883 391 1962 patet,
424 1895 469 1942 ex
492 1881 593 1959 parte
617 1877 791 1958 potentiae
814 1894 956 1943 necesse
978 1881 1032 1943 est
1053 1879 1159 1943 etiam
1183 1882 1292 1945 intui·

214 1988 290 2051 tiva
304 1985 369 2051 Dei
385 1984 535 2066 cognitio
549 1984 752 2066 experiatur
766 1984 904 2064 limites;
924 1985 1052 2066 quippe
1065 2002 1147 2050 eum
1161 1993 1292 2053 creata

215 2094 368 2176 potentia
382 2092 483 2156 finita
499 2092 551 2173 sit,
575 2110 642 2155 non
662 2095 774 2173 potest
788 2093 1081 2173 comprehendere
1094 2096 1290 2160 essentiam

214 2202 288 2282 Dei,
312 2204 482 2281 quantum
508 2198 750 2279 cognoscibilis
774 2203 838 2280 est3
862 2204 1076 2281 quapropter
1098 2202 1164 2266 etsi
1189 2202 1289 2267 vide-

215 2308 327 2371 bimus
352 2307 465 2371 Deum
489 2309 608 2387 totum,
633 2306 781 2370 sednon
804 2307 971 2372 totaliter.⁸

322 2412 464 2479 Collatia
496 2413 649 2478 invicem
681 2415 863 2478 abstracta
891 2418 926 2479 et
948 2415 1113 2479 intuitiva
1138 2415 1207 2481 Dei
1233 2436 1290 2483 co-

213 2523 366 2605 gnitione
397 2525 554 2604 apparet,
587 2522 768 2603 utriusque
798 2522 971 2586 obiectum
994 2541 1069 2588 esse
1091 2522 1292 2607 Infinitum,

217 2637 401 2711 utramque
432 2646 508 2694 esse
540 2627 771 2710 cognitionem
794 2647 856 2693 seu
878 2631 1131 2695 assecutionem
1156 2634 1291 2696 summi

215 2737 307 2819 Veri,
332 2740 525 2817 utramque
539 2754 614 2800 esse
637 2737 828 2816 perfectam
851 2741 958 2818 atque
977 2737 1144 2818 ultimam,
1167 2737 1292 2802 sedin

215 3035 275 3089 quc
295 3023 391 3088 potest
409 3018 538 3071 essentia
557 3018 611 3071 Dei
631 3017 734 3070 videri.
754 3018 782 3084 2)
801 3018 876 3081 Quia
896 3020 1024 3072 essentia
1043 3016 1099 3073 Dei
1117 3025 1163 3072 est
1184 3021 1291 3089 ipsum

214 3125 278 3162 csse
308 3110 379 3173 cius,
405 3107 484 3175 quod
513 3108 588 3160 nulli
615 3108 728 3161 formae
753 3113 870 3161 creatae
890 3113 1056 3177 competere
1075 3113 1181 3177 potest.
1221 3108 1291 3164 Non

215 3202 312 3267 potest
327 3198 423 3263 igitur
438 3197 539 3264 aliqua
554 3198 650 3250 forma
669 3202 770 3251 creata
789 3212 853 3250 esse
871 3197 1036 3252 similitudo
1055 3205 1292 3266 repraesentans

216 3287 332 3341 videnti
353 3286 407 3339 Dei
426 3287 593 3340 essentiam.
614 3288 640 3353 3)
658 3288 733 3350 Quia
752 3287 857 3340 divina
876 3288 1004 3342 essentia
1028 3293 1073 3341 est
1098 3287 1225 3357 aliquod
1244 3292 1292 3344 in·

215 3377 473 3444 circumscriptum
494 3377 648 3430 continens
672 3377 704 3428 in
730 3392 759 3429 se
787 3378 1042 3446 supereminenter
1061 3377 1210 3446 quidquid
1236 3395 1290 3449 po·

216 3471 273 3518 tcst
293 3465 457 3529 significari
477 3466 526 3518 vel
546 3465 675 3534 intelligi
695 3466 733 3519 ab
752 3466 907 3520 intellectu
926 3471 1033 3521 creato.
1070 3466 1107 3521 Et
1125 3468 1181 3521 hoc
1201 3469 1292 3523 nullo

216 3553 302 3607 modo
321 3568 373 3621 per
393 3554 523 3621 aliquam
544 3555 670 3622 speciem
690 3560 821 3608 creatam
841 3557 1057 3624 repraesentari
1076 3546 1187 3626 potest3
1215 3559 1293 3626 quia

215 3643 311 3695 omnis
329 3643 425 3696 forma
444 3647 544 3695 creata
563 3650 607 3697 ost
626 3644 825 3698 determinata
845 3645 1010 3699 secundum
1035 3645 1168 3714 aliquam
1194 3648 1289 3701 ratio-

215 3746 284 3785 ncm
304 3731 352 3783 vel
372 3732 543 3799 sapientiae,
564 3733 611 3785 vel
631 3733 761 3800 virtutis,
789 3735 838 3787 vel
864 3733 958 3802 ipsius
983 3749 1056 3801 esse,
1081 3733 1130 3787 vel
1155 3734 1292 3790 alicuius

215 3820 395 3872 huiusmodi.
423 3819 509 3874 Unde
528 3820 624 3874 dicere
650 3820 745 3874 Deum
772 3838 825 3891 per
853 3823 1079 3876 similitudinem
1107 3822 1216 3890 videri,
1242 3832 1292 3879 est

215 3909 313 3962 dicere
333 3908 466 3962 divinam
487 3911 644 3964 essentiam
664 3927 723 3964 non
742 3911 864 3981 videri»,
885 3915 908 3981 1,
929 3928 956 3981 q.
978 3913 1020 3978 12,
1038 3927 1064 3966 a.
1084 3912 1108 3965 2.
