2872 4666
666 368 904 434 -152-

357 581 388 658 5)
412 580 445 646 Si
470 580 583 644 Adam
605 584 641 646 et
663 580 751 662 Eva,
775 581 881 647 etiam
905 590 1088 666 postquam
1113 585 1203 666 lapsi
1227 603 1327 650 su
1346 600 1385 675 nl

249 687 436 753 audierunt
468 705 590 752 vocem
623 687 760 753 Domini
785 688 849 754 Dei
872 690 1128 756 deambulantis
1156 692 1191 756 in
1215 711 1289 774 pa
1304 711 1376 759 ra·

250 795 322 859 diso
340 812 466 859 auram
485 800 562 876 post
580 796 757 860 meridiem
776 793 870 876 (Gen.
885 796 915 880 3,
929 797 968 879 8),
987 798 1264 880 supponendum
1300 810 1369 865 est

251 900 363 966 Deum
395 903 501 966 etiarn
532 907 616 967 ante
645 903 782 984 lapsum
805 921 909 986 saepe
933 905 1071 986 saepius
1094 910 1361 988 protoparen-

250 1008 341 1073 tibus
364 1009 569 1090 apparuisse
600 1016 705 1093 atque
737 1029 818 1075 oum
851 1011 900 1077 eis
932 1012 1143 1077 collocutum
1166 1032 1264 1097 esse,
1322 1018 1357 1074 ut

249 1115 435 1181 instrueret
458 1134 515 1181 eos
538 1122 574 1182 et
595 1117 762 1183 educaret
784 1119 820 1182 in
842 1119 1001 1184 omnibus
1032 1138 1124 1203 quae
1150 1122 1196 1186 ad
1220 1117 1354 1186 intel·
1425 1192 1430 1201 Ι

250 1224 435 1288 lectualem
459 1227 494 1288 et
517 1224 683 1288 moralem
707 1226 940 1292 evolutionem
964 1244 1008 1292 ac
1031 1229 1226 1308 proiectum
1277 1241 1352 1289 ne·

250 1332 403 1397 cessaria
427 1335 550 1397 essent.
574 1332 789 1398 Documento
812 1334 894 1399 huic
918 1334 969 1400 rei
991 1339 1027 1400 et
1049 1337 1209 1418 exemplo
1232 1333 1350 1400 cita-

250 1620 266 1680 ἐ
283 1616 342 1680 131,
361 1633 388 1686 p.
404 1617 464 1684 202,
484 1617 551 1670 adn.
566 1616 614 1682 743
633 1617 724 1684 5133,
743 1633 770 1685 p.
785 1616 851 1683 2053
871 1616 961 1670 iuxta
974 1631 1064 1685 quem
1083 1616 1180 1672 Adam
1200 1609 1348 1688 proprie

249 1721 309 1759 non
327 1711 392 1759 erat
417 1706 593 1759 immortalis
618 1705 669 1759 sed
695 1706 903 1760 tantummodo
929 1707 1070 1761 immunis
1095 1724 1115 1761 a
1140 1701 1346 1762 necessitate

250 1795 407 1848 moriendi:
429 1793 518 1851 «Cum
538 1811 574 1848 ss.
594 1801 693 1864 patres
712 1796 814 1849 dicunt
832 1794 983 1849 Adamum
1003 1797 1094 1850 luisse
1109 1794 1344 1853 immortalem,

249 1882 323 1938 nihll
343 1884 426 1937 aliud
444 1884 550 1938 volunt
568 1888 673 1938 notare
692 1885 749 1937 nisi
768 1883 919 1938 Adamum
938 1885 1056 1953 propria
1071 1900 1162 1955 opera
1175 1888 1344 1940 inamore

249 1974 305 2028 Dei
324 1989 355 2028 se
374 1972 556 2042 perficiendo
574 1979 665 2042 atque
684 1975 738 2027 hoc
756 1973 844 2027 modo
862 1973 996 2027 divinam
1014 1975 1110 2028 vitam
1131 1975 1187 2029 sibl
1211 1978 1342 2044 apprff

249 2065 373 2133 priando
392 2065 510 2118 demum
531 2064 661 2133 potuisse
679 2064 837 2131 pervenire
851 2063 1023 2132 adplenum
1037 2065 1120 2119 vitae
1133 2066 1342 2120 fruitionem,

249 2155 287 2209 ad
307 2155 574 2222 impossibilitatem
594 2153 755 2206 moriendi»
776 2153 879 2221 (5131,
898 2169 926 2222 p.
941 2154 1002 2220 202,
1022 2153 1122 2209 adnot.
1138 2155 1191 2223 74).
1210 2155 1341 2216 Itaclue

249 2243 505 2297 immortalitatem
524 2243 607 2311 ponit
625 2247 729 2295 auctor
752 2246 788 2294 ut
807 2242 898 2296 finem
917 2242 955 2296 ad
975 2258 1065 2311 quem
1087 2244 1174 2297 homo
1194 2239 1339 2299 tendere

250 2333 361 2401 debut,
381 2333 432 2401 qui
451 2331 652 2400 assequendus
670 2336 736 2384 erat
755 2331 863 2385 sensim
883 2333 1061 2401 sensimque.
1079 2330 1188 2387 Confer
1206 2333 1243 2386 de
1263 2325 1339 2378 hac

250 2437 281 2476 re
300 2422 354 2474 Bai
372 2437 453 2490 prop.
473 2421 570 2474 damn.
591 2421 616 2488 6,
637 2418 814 2488 Denzinger,
834 2421 895 2475 886.
911 2451 944 2459 -
960 2420 1056 2475 Causa
1070 2436 1152 2489 vero,
1172 2436 1225 2476 cur
1240 2407 1337 2472 russi

249 2512 280 2565 ln
299 2511 434 2565 doctrina
459 2511 496 2563 de
521 2510 755 2563 immortalitatis
780 2509 866 2578 dono,
891 2509 962 2563 dum
982 2509 1183 2565 determinare
1202 2502 1336 2566 volunt

250 2601 322 2669 quid
341 2606 467 2653 naturae
486 2599 524 2652 sit
542 2599 732 2652 tribuendum
752 2603 783 2652 et
802 2598 873 2667 quld
892 2599 1019 2668 gratiae,
1038 2614 1126 2669 saepe
1145 2599 1230 2654 dubii
1249 2595 1334 2648 hae·

251 2687 400 2743 reanti-
412 2690 544 2757 aliquam
563 2692 680 2758 partem
699 2688 820 2741 videtur
839 2703 902 2742 esse
920 2703 1016 2744 canon
1034 2685 1158 2742 Consilii
1177 2685 1333 2744 Carthas-

250 2779 301 2848 qui
320 2794 423 2832 eorum
443 2779 524 2830 libris
551 2777 720 2846 symbolicis
745 2778 929 2832 continetur:
953 2775 1058 2848 ἺΙρεσεν
1080 2779 1132 2844 ἵνα,
1158 2781 1227 2840 ὅστις
1251 2765 1333 2827 λέὙῑῑ

250 2867 293 2919 τὸν
312 2867 393 2938 ’Λδάμ
419 2867 461 2919 τὸν
487 2867 693 2936 πρωτόπλαστον,
719 2867 857 2936 ἄνθρωπον
882 2865 977 2932 θνητὸν
1002 2867 1139 2938 γενόμενον
1165 2867 1253 2927 οὕτως,
1282 2848 1331 2913 ὡίν

250 2958 296 3009 εἴτε
317 2957 465 3027 ἁμαρτήσει,
485 2955 531 3007 εἴτε
552 2953 586 3025 μὴ
607 2955 755 3025 ἁμαρτήσει,
781 2954 927 3021 τεθνήξεται
947 2955 972 3008 ἐν
991 2963 1027 3025 τῷ
1048 2954 1156 3027 σὼματι,
1182 2946 1332 3010 τοῦτ’ἶὸτιν

251 3046 361 3108 ἐξελθεῖν
380 3045 407 3098 ἐκ
425 3052 470 3097 τοῦ
491 3043 615 3115 σώματος,
643 3043 676 3114 μὴ
701 3051 731 3114 τῇ
758 3044 814 3114 ἀξίᾳ
837 3052 881 3110 τῆς
908 3046 1037 3116 ἁμαρτίας,
1065 3045 1133 3098 ἀλλὰ
1159 3054 1190 3116 τῇ
1219 3038 1330 3100 awa

249 3143 293 3200 τῆς
312 3135 417 3205 φύσεως,
437 3134 555 3204 ἀνάθεμα
575 3133 637 3199 εἴη».
657 3134 786 3198 Πηδαλιον
809 3149 872 3186 ean.
894 3134 953 3202 120,
979 3149 1048 3202 pag.
1074 3135 1142 3203 4243
1169 3166 1202 3175 -
1226 3128 1332 3187 Itum

248 3227 387 3297 Ilpaumrn.
407 3241 481 3293 npan.
504 3224 561 3291 123,
581 3238 649 3291 pag.
670 3224 819 3277 231-232.
839 3223 928 3277 Hisce
946 3224 1060 3279 ultimis
1079 3226 1202 3278 canonis
1216 3208 1332 3276 ver·bls

249 3316 345 3369 innixi
370 3319 422 3368 aut
448 3314 554 3367 saltem
580 3311 617 3364 ad
637 3327 673 3365 ea
691 3312 859 3366 alludentes
878 3313 956 3366 russi
979 3303 1333 3383 polemistaevidenb11r

249 3404 401 3458 catholicis
429 3403 544 3456 crimini
574 3401 652 3463 darc,
681 3400 759 3469 quod
787 3401 894 3455 docent
920 3400 1070 3455 Adamum'
1095 3402 1197 3471 gratia
1223 3389 1336 3453 iulflse

249 3494 447 3548 immortalem
479 3498 509 3545 ot
542 3507 601 3545 non
634 3496 751 3544 natura.
784 3490 850 3544 Vid.
882 3477 1035 3560 Hmtanops
1068 3490 1168 3560 apxien.
1200 3480 1337 3556 Xspssffl

249 3600 267 3636 n
285 3583 391 3645 Oneum.
411 3584 512 3641 Bactra
531 3581 608 3635 Cllll.
629 3581 706 3649 1889,
726 3599 753 3650 p.
774 3581 808 3635 62
827 3596 868 3650 sq.
887 3578 1044 3650 Ceterique
1058 3581 1242 3650 polemistae3
1256 3568 1341 3651 9³]

249 3675 321 3727 riter
340 3673 466 3742 Δαμαλας.
487 3672 546 3740 Περι
566 3670 669 3740 ‘ipsios
698 3686 722 3739 p.
748 3672 792 3724 67.
830 3655 1344 3740 11111111111111111111111111111οἕι

250 3765 335 3830 cique
354 3762 524 3828 pravissimi
544 3761 646 3828 positis
670 3760 813 3828 ponendis
839 3776 876 3813 ex
895 3760 997 3828 gratita
1015 3760 1168 3815 deducunt
1186 3741 1345 3830 potesss‘

249 3856 308 3905 tem
328 3867 388 3904 non
407 3850 564 3915 moriondi3
593 3854 623 3901 ct
648 3852 738 3902 etiam
765 3851 877 3918 inipso
903 3851 1024 3921 Πηδαλίῳ
1043 3851 1074 3903 in
1094 3852 1226 3922 Ἑρμηνείᾳ
1243 3833 1349 3914 pffg‘

249 3940 301 3996 425
320 3942 528 3994 immortalitas
547 3955 585 3991 ex
604 3940 702 4003 ,uratia
724 3942 879 4008 repetitum
899 3942 1012 4009 pariter
1030 3945 1061 3995 et
1076 3941 1108 3994 in
1121 3920 1351 3995 allactatiC’ne

249 4029 357 4082 ibidem
377 4045 445 4097 pag.
465 4030 517 4082 4‘24
537 4028 658 4081 dicitur:
689 4029 793 4081 «λοιπὸν
813 4032 825 4081 ὁ
846 4028 908 4090 Θεὸς
928 4029 999 4099 φύσει
1020 4012 1353 4098 1111111111κως
