2872 4666
688 1305 840 1371 cnPtT
862 1306 924 1372 III.

309 1504 647 1602 RELATIO
684 1505 820 1602 DEI
859 1503 1309 1602 CREATORIS

472 1735 553 1816 AD
577 1735 817 1816 Pelusii
846 1734 1143 1818 ΗΟΜΙΧΕΜ.

411 1930 667 1996 ultrano
707 1930 905 1997 nctus
945 1930 1212 1997 curtrts.

309 2090 314 2101 ⁸
379 2111 454 2175 Hoc
486 2122 597 2193 caput
629 2112 748 2174 varios
779 2113 934 2177 continet
964 2113 1147 2177 doetrinae
1171 2114 1354 2178 articulos

273 2221 333 2303 qui
364 2222 491 2301 partim
525 2220 637 2283 solum
666 2220 816 2300 primum
849 2221 1033 2303 hominem,
1063 2221 1194 2303 partim
1231 2228 1347 2285 totum

271 2345 382 2410 genus
418 2327 611 2390 humanum
649 2328 849 2408 respiciunt.
890 2325 1115 2411 Quamquam
1151 2329 1245 2392 russi
1284 2329 1346 2392 alii

273 2435 376 2500 aliter
414 2436 475 2499 hos
511 2434 679 2498 articulos
715 2435 910 2498 inscribunt
945 2444 981 2499 et
1015 2435 1087 2499 alio
1121 2435 1245 2501 ordine
1288 2455 1345 2518 po

271 2554 366 2623 nunt,
389 2559 428 2606 re
451 2554 567 2606 tamen
591 2559 711 2605 omnes
729 2543 820 2606 inter
838 2561 876 2606 se
894 2543 1109 2608 conveniunt
1130 2552 1240 2625 utque
1264 2544 1347 2625 plus

271 2651 431 2715 minusve
455 2650 520 2714 hoc
545 2650 660 2730 capite
683 2658 807 2730 agunt:
833 2653 862 2725 1)
884 2650 928 2713 de
950 2651 1083 2732 origine
1108 2651 1250 2732 generis
1282 2652 1343 2715 hu-

272 2759 376 2839 mani,
399 2759 430 2827 :u
448 2758 490 2821 de
510 2768 637 2819 natura
653 2756 801 2820 hominis
820 2775 881 2820 seu
905 2757 948 2821 de
966 2758 1155 2839 composito
1177 2757 1343 2838 humano,

271 2867 304 2943 3)
325 2866 367 2929 de
391 2865 607 2945 praestantia
632 2864 777 2927 hominis
801 2882 863 2927 seu
886 2865 929 2927 de
952 2864 1104 2946 imagine
1125 2870 1161 2928 et
1183 2866 1339 2929 similitu·

273 2973 352 3036 dine
376 2970 442 3035 Dei
466 2972 500 3034 in
524 2971 670 3050 homine,
692 2971 725 3047 4)
746 2972 789 3035 de
812 2971 1042 3036 destinatione
1064 2990 1125 3036 seu
1147 2972 1221 3038 fine
1239 2972 1337 3057 primi

277 3079 433 3159 hominis,
457 3079 488 3155 ὁ)
510 3079 552 3143 de
576 3078 786 3160 perfectione
809 3079 962 3143 eiusdem
986 3097 1047 3144 seu
1070 3079 1267 3161 aptitudine
1296 3080 1348 3144 ad

271 3204 372 3250 suum
395 3186 511 3250 finem.

377 3291 521 3358 Omissis
544 3293 678 3357 duobus
702 3295 831 3374 primis,
854 3294 938 3376 quia
959 3302 996 3359 et
1017 3294 1064 3357 ad
1087 3298 1245 3358 nostram
1267 3311 1389 3359 rein

275 3419 344 3466 non
367 3402 541 3482 pertinent
563 3410 598 3465 et
621 3402 713 3464 russi
739 3402 773 3463 in
796 3402 855 3482 eis,
878 3401 908 3464 si
930 3401 1120 3464 articulum
1142 3400 1187 3465 de
1209 3400 1403 3483 origine

273 3509 413 3572 animae
436 3509 612 3572 humanae
636 3508 802 3589 excipias,
825 3510 899 3573 iere
923 3508 1008 3572 nihil
1026 3526 1047 3571 a
1067 3507 1243 3573 catholica
1264 3508 1414 3571 dot:-

272 3616 366 3679 trina
402 3616 569 3679 differunt
583 3615 614 3697 ¹),
654 3615 949 3679 considerabimus
991 3615 1230 3680 tantummodo
1269 3620 1320 3679 tre
1359 3621 1426 3673 a&

381 3812 400 3863 ¹,
420 3807 477 3860 Por
496 3824 527 3860 so
547 3818 629 3875 patet
649 3823 707 3860 uon
728 3810 778 3876 agi
799 3811 845 3862 hic
864 3809 901 3861 de
921 3810 1037 3878 origine
1062 3809 1181 3862 animae
1204 3811 1426 3878 protoptu‘d'

276 3900 377 3964 tontis,
397 3898 473 3950 hant·
489 3897 659 3949 immediate
675 3914 691 3949 a
708 3896 769 3951 Deo
784 3913 846 3951 esse
861 3912 991 3952 creatam
1007 3899 1086 3952 inter
1100 3914 1202 3953 omnes
1215 3904 1365 3952 constat
1408 3892 1432 3943 ¹,—
