2872 4666
635 280 849 346 ..52-

582 581 841 650 ARTIOULUS
869 584 894 649 Ι.

275 758 326 811 nn
345 756 511 811 runcina
536 758 582 810 ar
601 728 872 815 srurmrumm:
891 760 957 815 nar
977 759 1018 814 m
1037 759 1203 816 nonius.

312 910 339 970 1.
363 905 528 987 Imaginis
551 914 586 971 et
609 907 841 971 similitudinis
861 907 1014 972 notiones
1038 907 1173 990 passim
1199 912 1277 973 tota

202 1031 381 1078 russorum
420 1013 589 1094 theologia
626 1022 824 1078 occurrunt
860 1012 1082 1097 Quapropter
1120 1016 1277 1080 multum

202 1122 318 1203 refert,
336 1120 505 1203 quomodo
524 1121 772 1203 intelligantur,
792 1139 903 1202 nosse3
927 1121 1018 1204 quod
1032 1122 1137 1203 plane
1153 1141 1277 1188 neces·

202 1228 334 1292 sarium
365 1233 419 1293 est
450 1227 495 1291 ad
530 1227 788 1309 percipiendam
820 1247 941 1294 eorum
975 1228 1171 1293 doctrinam
1197 1234 1274 1295 turn

201 1336 245 1400 de
259 1335 469 1416 perfectione
483 1335 629 1399 hominis
650 1336 848 1419 innocentis,
872 1342 947 1401 tum
961 1336 1004 1400 de
1018 1335 1276 1418 depravatione

202 1547 262 1585 non
289 1536 385 1600 potest
414 1529 630 1596 comprehendi.
660 1546 727 1583 cunr
755 1531 856 1583 anima
881 1531 918 1584 sit
944 1531 1111 1586 substantia
1132 1532 1273 1600 simplex.

203 1619 260 1675 Sed
276 1634 371 1689 neqne
390 1619 465 1673 illud
484 1636 501 1672 a
521 1619 605 1673 nobis
624 1620 735 1688 percipi
754 1627 858 1688 potest,
879 1621 1025 1689 quomodo
1044 1621 1134 1688 Deus,
1154 1623 1209 1690 qui
1231 1627 1278 1675 est

202 1711 324 1778 spiritus
343 1709 524 1778 purissimus.
545 1709 634 1777 possit
663 1724 700 1762 ex
726 1709 894 1764 substantia
916 1725 971 1763 sua
995 1725 1144 1778 generare
1161 1709 1276 1765 Filium

203 1808 232 1853 et
252 1799 413 1869 producere
441 1797 584 1867 Spiritum
603 1796 657 1857 S....
687 1800 759 1867 quin
784 1799 924 1853 divisioni
951 1798 1122 1853 sublaceat?
1158 1799 1278 1855 Idcirco

203 1895 320 1942 veteres
339 1888 486 1942 Ecclesiae
506 1888 640 1941 doctores
661 1889 834 1956 repetebant
853 1889 1013 1942 creationis
1032 1889 1204 1942 animarum
1224 1906 1276 1944 no·

202 1986 331 2031 strarum
351 1979 527 2046 mysterium
547 1978 601 2030 soli
621 1976 683 2030 Deo
702 1986 839 2045 apertum
858 1992 893 2031 ac
908 1984 1012 2032 notum
1027 1992 1117 2032 esse».
1136 1977 1275 2048 Manapia.

203 2071 306 2120 beroea.
327 2066 384 2134 l‚·§
403 2067 446 2123 79.
467 2082 493 2134 p.
513 2065 730 2120 439-44321d.
750 2066 938 2134 Pyronogcrso,
959 2070 974 2132 5
994 2067 1037 2133 56,
1057 2083 1084 2135 p.
1104 2067 1231 2134 98-99;
1243 2097 1277 2107 -

203 2155 268 2208 l'id.
288 2156 467 2224 Bpeunesnan,
490 2170 534 2223 op.
554 2172 578 2207 c.
598 2155 619 2217 I,
640 2159 655 2218 5
674 2155 717 2220 27,
742 2171 769 2223 p.
790 2155 945 2222 174-1823
970 2154 1117 2223 Cabraoss,
1141 2170 1188 2227 op.
1209 2171 1234 2211 c.
1254 2156 1278 2225 I,

204 2246 281 2312 527,
308 2261 334 2313 p.
354 2245 509 2310 310-3123
534 2243 681 2312 tlampmn.
709 2259 754 2313 op.
774 2260 798 2298 c.
817 2261 873 2298 arn.
893 2245 917 2311 6,
938 2261 965 2313 p.
984 2244 1105 2311 79-803
1132 2245 1280 2311 Pyuanoss

203 2350 240 2402 op
259 2351 291 2388 .c.
311 2338 326 2398 ξ
345 2335 387 2391 38.
408 2350 434 2402 p.
452 2335 501 2399 7¹23
520 2334 698 2398 Truuuuenirl,
715 2350 759 2402 op.
775 2351 797 2387 c.
813 2334 850 2401 ΙΙ,
870 2351 926 2388 ura.
945 2334 970 2401 8,
990 2351 1017 2404 p.
1034 2324 1095 2389 105?
1115 2363 1146 2374 -
1165 2335 1280 2406 Itaque

202 2426 289 2477 iuxta
317 2440 505 2477 communem
533 2439 681 2476 russorum
709 2424 877 2491 opinionem
904 2424 1006 2478 anima
1025 2440 1043 2477 a
1062 2424 1124 2477 Deo
1151 2424 1278 2493 quidem

202 2521 328 2571 creatur.
349 2529 408 2566 non
426 2529 465 2565 ex
484 2513 577 2564 nihilo
598 2521 699 2565 tamen
720 2512 770 2565 sed
790 2528 828 2565 cx
847 2513 1004 2566 animabus
1023 2519 1194 2582 pareutum,
1215 2530 1278 2569 non

202 2603 381 2661 immediate,
411 2602 461 2655 sed
481 2603 553 2655 sieut
575 2610 602 2654 et
624 2617 730 2670 corpus
750 2604 781 2654 vi
801 2602 1018 2671 benedictionis
1037 2601 1167 2667 divinae,
1198 2619 1279 2672 quac

204 2693 360 2745 «continuo
379 2693 440 2744 vim
461 2708 543 2745 suam
565 2692 671 2744 retinet
693 2698 782 2759 atque
802 2699 950 2745 exercet».
987 2689 1017 2746 Si
1037 2706 1157 2744 causam
1177 2692 1280 2760 igitur

200 2782 384 2834 efficientem
415 2810 447 2819 -
476 2782 537 2832 vim
568 2780 783 2834 benedictionis
810 2780 958 2843 attendas,
989 2781 1065 2833 russi
1098 2778 1136 2832 ad
1168 2794 1277 2834 eorum

203 2886 331 2925 errorem
352 2869 490 2923 accedere
511 2869 661 2927 videntur.
689 2870 740 2938 qui
767 2870 827 2922 vim
848 2869 969 2922 creandi
990 2884 1065 2938 quae
1085 2869 1210 2923 infinita
1229 2877 1277 2925 est

202 2962 314 3015 homini
334 2960 385 3027 qui
405 2960 509 3012 linitus
529 2966 572 3012 est
593 2960 714 3012 insitam
734 2973 798 3012 esse
817 2958 986 3012 voluerunt.
1012 2955 1043 3013 Si
1058 2972 1130 3013 vero
1149 2973 1278 3013 causam

202 3048 389 3102 materialem
411 3063 464 3101 «ex
482 3049 638 3100 animabus
657 3055 831 3117 parentum»
861 3048 1037 3114 consideres,
1057 3062 1165 3116 purum
1181 3062 1279 3117 gene·

202 3138 411 3192 ratianisinum
431 3137 529 3191 habes.
549 3137 657 3205 ltaquc
683 3144 746 3189 tota
775 3137 847 3189 haec
875 3137 990 3190 theoria
1015 3136 1089 3190 nihil
1115 3135 1201 3189 allud
1220 3144 1278 3207 est,

202 3229 259 3280 nisi
270 3228 399 3297 paliatus
409 3226 687 3295 generatianismus‚
702 3232 735 3279 ut
746 3224 892 3280 Silvester
907 3241 1024 3295 quoque
1039 3226 1102 3295 ipse
1116 3225 1278 3280 observat:

201 3315 370 3384 Cnnaecrpn
388 3333 425 3368 en.
450 3331 495 3382 op.
514 3330 537 3368 c.
557 3314 610 3381 ΙΙΙ,
631 3319 646 3378 ς
664 3315 708 3376 48,
729 3333 755 3384 ρ.
775 3314 835 3369 339.
861 3344 894 3354 -
922 3313 1103 3369 Graecorum
1122 3316 1278 3369 sententia

200 3404 239 3459 dc
258 3405 374 3472 origine
393 3406 570 3469 animarum,
600 3405 624 3456 si
651 3404 726 3457 fides
746 3403 860 3457 Pidalio
881 3404 977 3472 detur,
1004 3403 1078 3458 baec
1100 3409 1159 3457 est:
1189 3404 1278 3457 «ἀλλὰ

202 3497 245 3544 καὶ
263 3495 385 3554 κτίζονται
405 3492 471 3562 παρὰ
491 3492 556 3544 θεοῦ
576 3501 654 3544 πᾶσαι
673 3494 697 3544 αἱ
716 3500 766 3544 τῶν
782 3492 928 3562 ἀνθρώπων
948 3494 1032 3564 ψυχαί,
1051 3492 1116 3545 κατά
1135 3512 1206 3555 τινας
1221 3495 1277 3564 μέν,

203 3585 388 3652 δημιουργικῶς
408 3583 448 3632 καί
469 3583 576 3651 tigrium,
596 3582 659 3633 κατά
679 3602 745 3643 τινας
765 3582 799 3639 δὲ,
820 3581 931 3652 {gagatem
950 3584 992 3634 ital
1010 3587 1192 3652 προνοητικῶς,
1217 3584 1278 3649 ἦτοι

203 3670 308 3740 britto&
328 3670 430 3740 πρώτου
450 3656 614 3722 ἐκείνοοκαὶ
639 3675 746 3731 ζωτικοῦ
773 3671 958 3741 ἐμφυσήματος,
985 3670 1050 3724 κατὰ
1072 3670 1116 3724 τὸν
1141 3669 1278 3740 Θεολόγον

203 3761 336 3830 Γρεγόριον
356 3760 423 3827 litor.
445 3760 477 3820 εἷς
497 3760 525 3811 τὸ
546 3761 686 3830 βάπτισμα)
707 3762 767 3830 ὅπερ
788 3760 854 3821 ἃπαξ
873 3760 1027 3830 &transnabit
1042 3768 1078 3830 τῷ
1094 3759 1185 3831 Ἀδὰμ,
1206 3760 1278 3832 {vep-

202 3855 240 3917 γεῖ
260 3849 292 3909 εἷς
311 3847 367 3910 τοὺς
387 3848 412 3909 ἐξ
431 3849 508 3900 αὑτοῦ
529 3850 631 3913 πάντας,
652 3850 715 3901 κατὰ
736 3849 779 3901 τὸν
799 3848 952 3919 ογολιαστὴν
972 3850 1089 3916 Νικήταν,
1108 3849 1187 3919 νόμος
1203 3850 1230 3903 ἐν
1245 3860 1279 3922 τῇ

201 3939 274 4008 φύσει
293 3939 452 4008 γενόμενον».
472 3939 609 4003 Πηδάλιον.
631 3938 672 3990 Ἐν
692 3938 812 4004 ’Λθηναις
835 3940 911 3999 1886,
931 3956 958 4007 p.
977 3940 1031 3994 426
1050 3939 1149 3993 adnot.
