2872 4666
610 327 739 429 ,⁶37
789 362 829 372 ..

290 541 325 606 6.
350 540 425 607 XV.
445 540 677 622 Praecipuum
696 540 802 622 igitur
820 540 1007 606 discrimen
1028 541 1118 606 inter
1136 543 1253 607 catho-

176 648 269 712 licos
292 652 327 713 et
350 666 467 712 russos
485 647 522 711 in
541 646 769 728 concipienda
788 648 1122 729 supernaturalitate
1141 653 1254 714 status

177 760 369 820 creaturae
392 754 573 819 rationalis
595 754 634 831 (si
652 754 688 819 in
707 757 899 835 systemate
917 773 1096 820 russorum
1116 756 1253 821 omnino

179 864 226 928 de
249 862 583 944 supernaturalitate
616 881 729 928 sermo
761 880 836 928 esse
869 867 990 944 potest)
1023 882 1092 929 non
1120 864 1254 929 tamin

181 970 305 1035 ultimo
342 975 528 1036 creaturae
564 969 635 1035 fine
670 970 893 1052 intelligendo
931 975 983 1035 est
1015 971 1253 1053 quaerendum

179 1096 296 1160 neque
319 1078 355 1142 in
378 1079 499 1143 mediis
517 1077 798 1160 determinandis,
821 1096 912 1162 quae
931 1078 976 1143 ad
996 1079 1143 1145 eundem
1162 1096 1252 1142 asse·

180 1186 359 1268 quendum
383 1187 583 1251 necessaria
607 1189 697 1252 sunt.
722 1185 811 1251 Nam
832 1186 999 1269 quidquid
1017 1189 1078 1269 est,
1100 1190 1136 1252 et
1154 1187 1253 1266 russi,

179 1292 275 1356 sicut
308 1310 380 1375 nos,
418 1292 589 1358 obiective
614 1296 747 1374 ponunt
779 1293 940 1358 ultimum
973 1293 1075 1375 primi
1107 1292 1254 1357 hominis

179 1400 290 1464 finem
314 1399 562 1466 beatitudinem
596 1405 776 1466 aeternam
810 1417 881 1466 una
914 1419 997 1466 cum
1028 1402 1161 1466 visione
1189 1400 1253 1466 Dei

180 1507 358 1590 beatifica,
394 1511 583 1591 utcumque
620 1507 696 1588 ejus
732 1508 936 1574 relationem
973 1509 1019 1573 ad
1055 1510 1253 1574 naturalem

180 1619 371 1679 creaturae
394 1615 624 1696 aptitudinem
647 1615 857 1699 intelligunt3
894 1616 1026 1698 pariter
1059 1616 1254 1682 concedunt

181 1722 359 1787 hominem
382 1741 451 1787 non
475 1723 627 1804 potuisse
651 1741 752 1786 suurn
775 1723 881 1788 finem
904 1725 1078 1813 attingere
1106 1724 1172 1788 nisi
1194 1723 1253 1787 ad-

181 1832 331 1894 iuvante
354 1829 470 1911 gratia
493 1829 623 1910 divina,
657 1830 980 1913 quomodocumque
1002 1830 1129 1895 iterum
1161 1830 1253 1894 hanc

181 1937 336 2021 gratiam
359 1936 570 2018 concipiunt.
616 1935 759 2001 Summa
793 1937 1002 2001 discriminis
1029 1938 1121 2002 inter
1145 1943 1253 2000 utros·

181 2063 261 2128 que,
285 2048 323 2107 ut
346 2045 396 2108 ita
414 2044 539 2126 dicam,
572 2045 711 2110 videtur
744 2047 853 2110 latere
886 2046 921 2108 in
950 2045 1174 2127 concipiendo
1198 2045 1252 2109 de-

181 2152 472 2234 terminandoque
505 2153 655 2216 transitu
688 2171 709 2217 a
742 2153 897 2216 naturali
929 2158 1025 2216 statu
1057 2152 1103 2216 ad
1135 2170 1253 2234 super-

182 2259 393 2340 naturalem,
427 2263 597 2341 quantum
632 2259 674 2325 de
707 2279 746 2325 eo
778 2261 873 2342 apud
897 2278 1014 2324 russos
1043 2278 1155 2324 sermo
1179 2278 1253 2325 esse

182 2368 305 2449 potest.

182 2579 278 2634 etiarn
297 2585 437 2648 repetunt
456 2579 586 2647 primum
606 2579 754 2632 hominem
781 2579 959 2649 prodiisses
979 2580 1116 2633 manibus
1136 2579 1191 2631 Dei
1210 2580 1253 2633 in·

183 2675 342 2722 nocentem
361 2670 388 2722 h.
409 2685 433 2723 e.
453 2670 516 2721 sine
536 2675 665 2737 peccato,
692 2669 881 2722 sanctitatem
909 2685 980 2722 vero
1006 2669 1143 2722 debuisse
1169 2668 1254 2722 illum

181 2759 312 2827 propriis
330 2758 447 2811 viribus
466 2758 620 2826 acquirere
639 2757 801 2811 adiuvante
826 2759 1010 2812 solummodo
1036 2759 1143 2828 gratia.
1169 2757 1255 2810 oona·

182 2864 259 2916 pers,
280 2863 323 2916 op.
345 2863 368 2900 c.
389 2847 410 2915 I,
438 2848 539 2913 §1993
566 2877 596 2885 -
626 2850 804 2915 Bpeuaemnm,
832 2863 876 2916 op.
896 2864 919 2900 o.
939 2848 961 2915 l,
987 2865 1013 2916 p.
1037 2848 1099 2906 196;
1119 2878 1152 2884 -
1172 2846 1254 2900 Caus-

182 2943 291 3005 necrps‘,
310 2953 355 3006 op.
375 2953 399 2990 c.
418 2937 470 3005 Ill,
491 2941 506 3000 ἓ
524 2937 644 3004 56-57;
663 2967 696 2975 -
716 2937 828 3001 lirrosa,
856 2953 901 3006 op.
920 2953 943 2990 c.
964 2954 1011 3007 yp.
1041 2937 1073 2990 21
1093 2954 1120 3006 p,
1146 2937 1199 2989 212
1224 2939 1255 2988 et

181 3027 248 3081 alii.
284 3026 367 3089 Quae
392 3026 527 3080 doctrina
554 3026 629 3079 hanc
656 3027 777 3080 videtur
800 3042 964 3095 supponere
983 3027 1253 3080 ratiocinationem:

183 3114 301 3185 primus
325 3114 412 3167 homo
431 3115 581 3182 innocens,
609 3116 672 3168 sine
700 3125 821 3183 peccato
846 3115 955 3184 prodiit
982 3132 998 3169 e
1023 3115 1159 3169 manibus
1185 3114 1254 3180 Dei3

182 3203 273 3258 nulla
299 3219 372 3272 ergo
398 3203 529 3274 indiguit
556 3205 799 3258 sanctificatione.
826 3237 858 3242 —
886 3205 949 3258 Hoc
972 3212 1073 3274 aperte
1096 3204 1254 3273 profitetur

183 3293 338 3361 Damalas,
368 3308 434 3346 cum
461 3298 658 3361 protestantes
682 3294 853 3362 impugnat:
879 3294 980 3355 Πλάσας
1007 3295 1033 3345 δὲ
1052 3296 1065 3344 ό
1087 3293 1146 3353 θεὸς
1177 3292 1254 3343 αὐτόν

182 3382 360 3450 (ἄνθρωπον),
380 3381 471 3433 ἔδωκεν
490 3381 559 3451 αὐτῷ
580 3381 625 3447 τὴν
645 3383 717 3452 χάριν
737 3382 824 3449 αὐτοῦ,
841 3385 883 3434 ἵνα
911 3390 941 3453 τῇ
970 3383 1060 3448 ταύτης
1081 3383 1188 3451 βοηθείᾳ
1208 3384 1253 3433 δυ-

183 3472 258 3540 νηθῇ
278 3470 308 3522 νά
328 3470 449 3543 πληρώσῃ
468 3471 512 3522 τὸν
531 3471 685 3542 προορισμὸν
704 3471 808 3524 αὑτοῦ...
829 3465 903 3525 Ὥστε
918 3475 931 3523 ὁ
947 3475 974 3524 Κ.
992 3474 1113 3541 utalaae
1129 3472 1254 3523 ἀπατᾶται

182 3562 278 3628 λέγων,
297 3561 335 3612 ὅτι
354 3560 382 3612 τὸ
403 3562 483 3631 ὄνομα
503 3561 573 3631 Ιχίοὶρις
593 3560 642 3630 {yar
662 3560 707 3626 τὴν
727 3563 849 3631 ἅμαρτίαν
868 3569 914 3614 τοῦ
934 3561 1075 3632 ἀνθρώπου
1091 3563 1125 3622 ὡς
1140 3561 1254 3631 προϋπό-

183 3647 520 3718 θεσι11011111011111111113
546 3649 607 3703 und
633 3651 907 3717 Protestantismus)
932 3653 996 3704 διότι
1023 3659 1124 3702 τοῦτο
1151 3651 1255 3720 μόνον
1317 3693 1319 3696 ,

181 3741 266 3809 περὶ
291 3746 349 3804 τῆς
375 3739 579 3806 δικαιούσης
608 3741 749 3810 χάριτος
775 3741 959 3807 ἀληθεύει,
987 3740 1110 3810 ἀλλὀὖγζι
1134 3742 1175 3791 καὶ
1200 3741 1254 3808 περὶ

179 3838 230 3896 τῆς
251 3828 284 3890 εἷς
304 3829 332 3880 τὸ
352 3828 499 3880 καλὸικαὶ
525 3830 653 3899 πλήρωσιν
679 3837 724 3882 τοῦ
747 3839 903 3902 προορισμοῦ
930 3830 1143 3900 ,tantaleas
1177 3830 1254 3893 ἥτις

177 3927 270 3974 πᾶσι
298 3923 369 3978 τοῖς
397 3919 554 3988 κτίσμασι
583 3919 778 3987 ἀναγκαιοτάτη.
808 3922 835 3972 Ν.
856 3923 888 3972 ll.
909 3920 1037 3991 stipatae
1064 3921 1123 3988 Περι
1150 3919 1254 3987 Ἄρχων,

174 4029 208 4083 p.
230 4010 276 4078 66,
295 4009 339 4063 68.
