2872 4666
599 272 819 338 -62-

286 491 318 569 3)
349 487 448 569 Quod
489 490 580 552 dona
617 506 708 571 quae
740 487 887 552 dicimus
924 481 1212 569 praeternaturalia

175 597 308 677 attinet,
332 597 504 662 incertum
527 601 588 678 esi,
613 600 729 659 utrum
752 613 795 660 ea
818 594 909 658 russi
927 594 1065 658 nomine
1083 589 1213 676 imaginis

176 723 222 768 an
247 704 479 768 similitudinis
503 704 754 784 comprehensa
776 720 852 768 esse
875 703 994 767 velint
1027 703 1061 766 Si
1084 702 1214 785 primum,

177 816 258 875 sunt
289 811 418 892 debita3
450 811 480 874 si
512 811 673 892 alterum,
701 846 735 856 -
762 814 844 873 sunt
867 814 950 873 actu
974 810 1083 874 nulla:
1112 812 1217 872 utrum·

177 937 244 1001 que
267 936 364 983 error
388 924 450 983 est.

284 1028 313 1089 4.
338 1026 392 1089 Ex
415 1027 464 1091 eis
489 1043 581 1108 quae
604 1025 754 1089 diximus
778 1025 965 1088 discrimen
989 1025 1079 1089 inter
1102 1017 1217 1089 catholi-

178 1151 237 1197 cos
260 1137 295 1197 et
318 1150 434 1196 russos
459 1134 563 1213 patet.
602 1132 636 1197 Si
660 1132 821 1215 imaginis
843 1133 879 1196 et
902 1131 1133 1195 similitudinis
1154 1139 1223 1193 uoce

179 1241 327 1323 seposita
368 1241 561 1323 loquamur,
598 1239 688 1304 russi
725 1240 871 1304 eximias
917 1221 1057 1322 quidem
1099 1240 1226 1303 naturus

179 1348 273 1412 vires
297 1348 407 1428 primo
430 1347 560 1411 homini
584 1347 750 1428 tribuunt,
774 1346 907 1410 nullam
931 1363 1016 1411 vero
1035 1350 1120 1410 actu
1138 1345 1228 1410 scien·

180 1455 273 1537 tiam,
297 1454 430 1518 nullam
455 1454 632 1537 virtutem,
656 1453 879 1518 sanctitatem
903 1452 1050 1533 nullam;
1084 1448 1233 1517 catholini

180 1579 264 1627 vero
287 1561 507 1625 naturalibus
527 1561 629 1644 primi
649 1561 803 1644 parentis
827 1563 1020 1642 prostaret
1042 1563 1238 1642 supernatu-

180 1669 269 1732 ralia
293 1670 383 1732 dona
408 1668 531 1732 volunt
553 1686 629 1733 esse
653 1667 886 1750 superaddita,
907 1703 946 1712 -
967 1685 1048 1732 eum
1067 1668 1103 1730 in
1122 1665 1242 1731 sancti·

181 1780 253 1841 tate
275 1781 310 1841 et
333 1776 465 1840 iustitia
488 1794 563 1841 esse
586 1775 821 1841 constitutum.
869 1774 972 1839 Russi
1003 1793 1142 1840 omnem
1176 1791 1245 1857 per-

180 1883 364 1949 fectionem
405 1885 566 1965 propriae
607 1883 754 1947 hominis
794 1843 984 1948 evoffitioni
1024 1885 1133 1965 atque
1178 1899 1252 1964 pro·

181 1991 315 2072 gressui
347 1991 563 2073 relinquunt;
596 2014 636 2036 ’-
671 1989 844 2069 catholici,
877 2008 946 2053 non
978 1991 1123 2055 excluso
1160 1989 1257 2054 omni

182 2115 367 2180 progressu
390 2097 426 2160 in
449 2104 596 2179 accepta
631 2097 849 2179 perfectione,
881 2097 1007 2162 docent
1029 2098 1145 2178 ipsam
1180 2113 1253 2180 per-

182 2205 378 2270 lectionem:
416 2205 598 2269 scientiam
636 2205 770 2269 scilicet
806 2212 842 2269 et
872 2203 1040 2270 virtutem
1074 2203 1259 2268 Adamum

182 2332 204 2376 a
229 2313 300 2377 Deo
324 2313 456 2376 infusas
480 2312 665 2393 accepisse.

290 2418 381 2483 Hinc
422 2420 521 2483 iuxta
558 2438 675 2484 russos
713 2420 845 2500 primus
882 2421 982 2484 homo
1019 2419 1130 2482 solam
1172 2422 1261 2485 ima-

183 2526 297 2607 ginem
322 2526 452 2607 habuit,
488 2527 532 2590 ad
571 2526 827 2591 similitudinem
866 2526 1077 2589 solummodo
1111 2527 1266 2592 tendere

183 2632 302 2696 debuit
334 2650 481 2715 eamque
513 2634 686 2715 aquirere3
720 2636 819 2697 iuxta
852 2633 1042 2697 catholicos
1075 2639 1110 2697 et
1137 2633 1263 2718 imago

185 2740 367 2805 tribuenda
391 2745 444 2805 est
468 2741 578 2822 primo
603 2741 730 2805 homini
749 2743 784 2807 et
802 2740 998 2824 similitud0,
1021 2741 1110 2805 haec
1133 2743 1262 2806 tamen

184 2849 289 2910 etiam
313 2848 434 2928 perfici
458 2849 569 2930 potuit
591 2853 626 2913 ct
649 2848 885 2912 consummari
908 2848 1032 2912 debuit
1065 2848 1265 2913 Praeclare

186 2954 228 3017 de
250 2953 319 3016 hac
342 2972 380 3017 re
404 2954 436 3020 S.
455 2955 553 3020 Joan.
574 2955 828 3020 Damascenus:
857 2957 912 3016 «τὸ
933 2953 986 3040 μὲν
1003 2977 1060 3040 γαρ
1081 2955 1265 3017 κατέἰκόνα

186 3064 223 3122 τὸ
248 3064 348 3147 νοερὸν
376 3053 465 3148 δηλοῖ
495 3065 546 3125 καὶ
580 3054 773 3136 αὐτεξούσιον
803 3065 841 3124 τὸ
874 3084 908 3148 γε
939 3061 1171 3147 καθ’ὡμοίωσιν
1204 3063 1267 3148 τὴν

188 3175 243 3254 τῆς
261 3173 368 3255 ἀρετῆς
386 3170 468 3231 κατὰ
487 3173 524 3232 τὸ
546 3163 673 3232 δυνατὸν
693 3171 851 3255 ὁμοίωσιν»
869 3168 897 3247 ¹).
922 3167 1001 3250 Qua
1015 3170 1150 3234 ratione
1167 3169 1264 3234 simi-

188 3276 295 3341 litudo
314 3277 456 3341 infuerit
475 3279 585 3359 primo
605 3278 742 3359 homini,
766 3278 860 3341 disce
873 3295 919 3342 ex
933 3278 998 3341 his:
1026 3276 1187 3362 «ἐποίησεν
1212 3274 1269 3338 οὖν

189 3387 204 3442 ὁ
229 3386 300 3456 θεὸς
331 3387 386 3446 τὸν
420 3389 581 3470 ἄνθρωπον
614 3390 737 3457 ἄκακον,
770 3389 856 3470 cdliii,
888 3385 1097 3470 ἐνάρετον,
1131 3386 1267 3462 ἄλυπον,

189 3489 340 3574 ἀμέριμνον,
374 3493 482 3578 πάσῃ
507 3497 634 3578 ἀρετῇ
668 3491 896 3578 manimundulus,
919 3498 1046 3552 πᾶσιν
1069 3495 1268 3576 ἀγαθοῖς

189 3604 362 3680 κομῶντα...
393 3602 519 3682 augensi
548 3603 649 3678 ἄλλον,
674 3601 772 3660 θεὸν
795 3601 901 3683 ἔχων
920 3594 986 3658 oia
997 3620 1038 3658 ον
1061 3600 1116 3659 τὸν
1143 3599 1268 3659 ἕνοικον

299 3846 318 3911 ¹)
338 3843 366 3897 S.
386 3844 470 3897 Joan.
493 3845 626 3899 Damaso.
646 3846 682 3900 dc
703 3845 773 3897 Fide
794 3845 875 3899 Orth.
897 3844 967 3912 lli,
986 3842 1269 3901 c.12.—Citamus

191 3947 212 3983 s.
231 3932 377 3986 Joannem
407 3933 539 3987 Damaso.
569 3936 606 3988 ob
634 3951 785 4002 magnum,
813 3951 872 4004 qua
900 3934 980 4001 apud
1010 3948 1110 3988 russos
1136 3936 1269 4005 gaudet,
