2872 4666
606 319 824 384 „91-

178 531 372 608 systemate
395 530 477 593 finis
502 530 643 594 ultimus
667 530 711 595 sit
733 532 863 595 homini
886 536 1134 618 connaturalis,
1167 536 1249 601 linis

182 652 266 700 vero
304 635 445 716 medius,
481 655 550 719 quo
586 638 631 702 ad
665 639 825 702 ultimum
857 643 910 704 est
941 641 1102 725 eundum,
1139 644 1248 708 veluti

179 745 469 824 supernaturalis

289 849 344 913 Ex
377 851 500 915 eadem
535 853 734 918 confusione
767 854 912 919 ulterius
949 859 1071 920 secuta
1103 861 1155 922 est
1188 857 1249 921 illa

178 957 282 1040 falsa,
305 957 452 1022 dixerim
472 959 584 1042 plane,
603 960 731 1024 baiana
754 962 933 1042 conceptio
957 962 1096 1027 habitus
1119 982 1181 1029 seu
1199 982 1249 1029 re·

180 1063 322 1128 lationis
354 1066 576 1131 beatitudinis
609 1086 669 1133 seu
702 1069 798 1133 vitae
830 1070 994 1134 aeternae
1026 1071 1072 1134 ad
1103 1071 1251 1134 hominis

178 1175 357 1254 naturam,
389 1173 434 1236 ad
466 1174 540 1238 eius
572 1174 804 1240 evolutionem
836 1179 871 1240 et
902 1193 1122 1257 progressum
1145 1180 1251 1260 atque

177 1277 229 1340 ad
252 1279 343 1342 hona
364 1297 481 1360 opera:
506 1284 545 1344 ut
567 1283 722 1362 effectus,
745 1284 882 1346 fructus
905 1300 950 1346 ac
973 1282 1142 1348 mercedis
1160 1302 1251 1366 quae

177 1385 229 1448 ab
266 1385 403 1450 homine
443 1389 590 1470 propriis
631 1389 765 1452 viribus
806 1390 881 1454 sine
920 1390 1036 1470 gratia
1072 1390 1251 1471 habituali,

177 1498 392 1573 cooperante
425 1495 637 1559 solummodo
665 1495 780 1577 gratia
813 1497 953 1577 actuali,
977 1498 1210 1578 acquiruntur
1223 1496 1251 1576 ¹).

291 1598 320 1663 3.
344 1599 424 1664 Post
456 1602 544 1666 haec
576 1621 644 1666 non
676 1607 728 1667 est
760 1620 825 1666 cur
857 1603 990 1684 dicam,
1026 1604 1063 1666 in
1100 1621 1252 1685 quonam

178 1708 276 1772 russi
299 1726 320 1771 a
344 1710 526 1774 catholicis
550 1710 716 1775 differant
737 1715 899 1792 respectu
930 1710 1019 1774 linis.
1066 1710 1114 1774 Ut
1146 1713 1251 1792 patet,

179 1816 376 1880 maximum
408 1816 594 1888 discrimen
627 1822 791 1882 versatur
823 1817 920 1882 circa
952 1818 1058 1881 linem
1093 1816 1252 1880 ultimum

179 1922 424 2004 subiectivum,
448 1923 632 1988 internum.
655 1922 724 2003 Qui
747 1925 776 1988 si
795 1924 830 1987 in
849 1943 886 1989 se
905 1927 1090 2005 spectetur,
1109 1925 1173 1988 vix
1191 1924 1250 1988 ali-

177 2032 274 2113 quod
297 2030 482 2096 discrimen
506 2033 646 2097 maioris
679 2033 842 2097 momenti
874 2032 965 2096 inter
997 2036 1160 2114 utrosque
1187 2036 1251 2096 est:

184 2138 324 2221 utrique
347 2140 568 2204 concedimus
592 2140 765 2205 hominem
789 2143 955 2204 vocatum
978 2157 1053 2204 esse
1076 2139 1123 2202 ad
1146 2140 1250 2204 beati-

183 2247 340 2310 tudinem
364 2251 553 2329 aeternam,
585 2248 685 2311 cuius
719 2249 857 2312 culmen
890 2247 979 2311 visio
1003 2246 1167 2311 beatifica
1190 2251 1251 2311 est.

180 2351 251 2418 Sed
285 2372 366 2417 cum
389 2355 432 2419 de
454 2355 622 2421 relatione
645 2355 747 2419 huius
770 2354 850 2418 finis
873 2355 918 2418 ad
942 2358 1107 2417 naturam
1132 2355 1250 2418 huma-

182 2479 267 2524 nam
291 2462 417 2544 agitur,
450 2466 520 2526 toto
552 2463 646 2527 coelo
680 2461 848 2526 distamus
882 2462 1028 2543 utrique.
1075 2460 1161 2526 Cum
1191 2479 1252 2525 nos

183 2568 353 2632 visionem
378 2570 442 2634 Dei
466 2571 628 2635 facialem
653 2572 755 2636 extra
778 2574 813 2635 et
836 2573 974 2651 praeter
993 2569 1164 2632 ambitum
1183 2586 1250 2631 non

182 2675 297 2738 solum
321 2676 496 2741 humanae
520 2678 579 2742 sed
603 2678 709 2742 etiam
733 2677 869 2741 omnino
893 2675 1003 2739 omnis
1026 2678 1167 2738 creatae
1192 2691 1251 2738 na·

184 2784 287 2846 turae
318 2783 486 2865 ponimus,
519 2785 610 2848 russi
641 2802 720 2850 eam
752 2778 862 2848 ordini
895 2782 1051 2847 naturali
1073 2781 1253 2846 includere

181 2890 291 2970 atque
324 2894 362 2952 ut
393 2890 566 2956 obiectum
598 2891 770 2955 naturalis
801 2891 998 2972 exigentiae
1031 2888 1251 2953 considerare

185 2995 358 3062 videntur.
386 2997 467 3063 Ideo
490 3017 571 3062 cum
595 2999 758 3089 catholici
790 2999 971 3062 affirmant
1003 2997 1176 3060 hominem
1209 3014 1253 3060 ne

184 3105 320 3170 ratione
343 3106 481 3188 quidem
504 3107 643 3189 assequi
666 3125 765 3188 posse
789 3124 825 3171 se
849 3106 894 3168 ad
917 3105 1085 3169 visionem
1109 3103 1174 3167 Dei
1198 3102 1252 3167 de-

182 3212 354 3276 stinatum
376 3231 459 3296 esse,
483 3214 548 3277 nisi
571 3215 603 3279 ei
622 3231 643 3277 a
662 3214 736 3278 Deo
754 3213 799 3276 sit
816 3213 1027 3291 revelatum3
1051 3209 1141 3274 russi
1161 3211 1253 3273 hanc

182 3319 449 3385 destinationem
473 3322 583 3384 altam
601 3339 620 3384 e
639 3325 767 3384 natura
786 3319 934 3384 hominis
953 3318 1124 3382 deducere
1138 3317 1252 3379 nitun-

185 3430 252 3490 tur.
275 3425 363 3490 Cum
387 3428 549 3491 catholici
572 3427 741 3492 visionem
761 3427 825 3491 Dei
844 3426 948 3513 linem
969 3424 1115 3488 hominis
1134 3440 1251 3504 super-

184 3535 384 3598 naturalem
408 3539 537 3599 vocant
560 3539 666 3616 atque
689 3534 809 3598 stricte
827 3551 849 3595 a
869 3531 1081 3597 heatitudine
1099 3530 1254 3593 naturali

181 3641 410 3725 distinguunt,
430 3643 521 3706 russi
540 3643 632 3705 hanc
647 3641 901 3705 distinctionem
917 3657 984 3702 non
999 3641 1126 3701 norunt
1140 3641 1253 3721 atque,

263 3922 266 3927 .
295 3871 316 3937 ¹)
334 3871 388 3924 Bai
407 3872 620 3940 propositiones
646 3871 818 3924 damnatae:
843 3871 867 3938 2,
888 3870 913 3937 3,
933 3869 956 3934 4,
977 3869 1002 3935 5,
1022 3868 1046 3921 6.
1072 3866 1252 3935 Denzinger.

180 3961 377 4018 Enohiridion
397 3959 604 4030 Symbolorum
624 3965 653 4014 ct
673 3960 898 4014 Definitionum.
918 3958 1067 4013 saa-885.
