2872 4666
721 326 936 392 ,48-

288 557 342 621 eo,
366 539 457 621 quod
481 539 592 620 primo
611 541 747 621 parenti
767 545 950 621 praeterea
968 542 1075 605 etiam
1094 542 1373 623 supernaturale

293 647 556 730 gratuitumque
579 646 731 712 iustitiae
753 646 931 730 originalis
955 648 1083 712 donum
1110 648 1288 730 tribuant;
1313 650 1373 715 sed

294 756 406 819 denuo
421 756 641 818 consentiunt
659 755 806 837 utrique,
826 772 906 819 cum
925 755 1063 821 nomine
1081 755 1221 837 gratiae
1242 756 1373 820 Adami

289 862 461 942 eiusmodi
494 863 567 925 vim
600 861 757 926 divinam
780 862 977 944 intelligant
1000 879 1092 945 quae
1116 880 1213 928 mere
1237 865 1360 928 extrin

294 987 395 1034 secus
418 969 454 1032 in
479 970 651 1034 hominem
674 973 759 1051 agat
773 971 801 1049 ¹).

401 1076 453 1140 En
476 1076 675 1157 exemplum
699 1077 909 1141 contusionis
932 1076 1102 1142 idearum!

402 1181 570 1247 Catholici
589 1184 771 1248 affirmant
789 1202 856 1248 non
878 1184 1019 1250 differre
1038 1187 1205 1248 naturam
1229 1185 1373 1266 lapsam

293 1308 316 1354 a
342 1295 469 1354 natura
494 1291 629 1373 Adurni,
658 1291 687 1355 si
711 1293 800 1356 haec
823 1298 984 1356 sumatur
1009 1293 1044 1355 in
1068 1309 1105 1357 se
1129 1293 1372 1357 abstractione

294 1400 390 1462 facta
414 1416 436 1461 ιι
460 1398 557 1462 donis
581 1404 721 1480 praeter
754 1405 789 1463 et
822 1399 1158 1482 supernaturalibus,
1196 1402 1372 1478 transeam

294 1523 362 1568 non
386 1505 508 1570 differe
532 1523 617 1570 vero
649 1523 671 1569 a
703 1510 831 1570 natura
864 1506 987 1587 Adam,
1021 1506 1138 1589 qualis
1161 1523 1181 1570 e
1205 1507 1372 1570 manibus

294 1612 360 1679 Dei
386 1614 518 1696 prodiit,
544 1652 584 1660 —
611 1632 707 1696 nego.

402 1719 502 1800 Quod
526 1722 611 1786 illud
636 1722 788 1786 alterum
811 1721 945 1804 attinet,
970 1721 1161 1786 catholicos
1184 1722 1373 1787 affirmare

294 1829 468 1894 hominem
493 1829 712 1895 innocentem
745 1847 814 1893 non
847 1828 970 1895 differe
1003 1847 1025 1893 a
1060 1829 1157 1911 lapso
1189 1829 1258 1894 nisi
1282 1830 1373 1894 dono

294 1937 446 2001 iustitiae
470 1938 660 2019 originalis:
687 1975 725 1982 -
751 1938 780 2001 si
804 1939 869 2002 hoc
893 1936 1031 2002 nomine
1054 1937 1273 2018 intelligatur
1298 1938 1374 2002 sola

293 2045 410 2127 gratia
442 2045 741 2124 sanctificans-
769 2062 880 2127 neg03
914 2044 942 2108 si
966 2044 1072 2110 etiam
1106 2048 1225 2110 cetera
1260 2045 1373 2110 dona:

294 2151 513 2235 integritatis
536 2151 743 2232 sanctitatis,
763 2152 957 2216 scientiae...
976 2151 1129 2216 concedo
1147 2151 1373 2218 abstactione

293 2261 391 2324 tacta
415 2277 438 2322 a
462 2264 598 2340 peccati
574 2260 774 2323 timaoula.

401 2364 493 2446 Quid
526 2367 590 2430 sibi
624 2367 710 2430 velit
743 2366 829 2430 illud
862 2366 1015 2431 tertium:
1055 2366 1190 2431 scilicet
1213 2368 1373 2448 gratiam

294 2473 422 2538 Adami
447 2480 485 2537 ut
507 2474 640 2557 aliquid
663 2474 774 2539 eidem
800 2491 895 2539 mere
928 2477 1113 2539 externum
1136 2491 1158 2537 a
1182 2475 1373 2541 catholicis

294 2581 447 2662 intelligi,
485 2600 553 2645 non
590 2581 676 2645 satis
712 2581 851 2646 clarum
871 2584 946 2655 est.
994 2579 1080 2645 Cum
1114 2581 1272 2646 Nicanor
1307 2584 1374 2649 hoo

291 2689 408 2771 obicit,
441 2693 646 2770 argumento
675 2689 807 2770 allegat
831 2686 1090 2753 Oateohismum
1113 2688 1315 2756 Romanum
1339 2697 1375 2758 et

293 2795 535 2878 scholasticos,
568 2796 626 2860 ubi
655 2796 784 2859 dicitur
820 2796 1018 2877 «originalis
1041 2795 1192 2859 iustitiae
1216 2797 1372 2864 admira-

294 2901 362 2968 bile
386 2905 513 2967 donum
538 2905 644 2967 fuisse
667 2902 970 2984 protoparentibus
993 2901 1216 2986 additum»¹),
1249 2923 1373 2989 super·

294 3010 437 3093 aditum,
474 3011 650 3075 adiectum
686 3013 760 3091 eto,
802 3010 952 3073 «iustitia
994 3009 1153 3091 originali
1195 3013 1373 3096 tanquam

293 3118 393 3181 freno
415 3118 566 3199 quodam
589 3117 797 3198 cupiditates
822 3135 898 3182 esse
922 3120 1057 3182 rectas»
1070 3115 1099 3197 Ι).
1147 3118 1373 3187 Verumvero

293 3240 376 3287 cum
408 3221 481 3288 Cat.
515 3224 554 3288 R.
581 3225 640 3289 vel
667 3224 815 3306 theologi
844 3225 879 3288 id
903 3224 1032 3305 dicunt,
1066 3225 1207 3290 minime
1242 3229 1373 3294 volunt

293 3350 450 3397 asserere
484 3333 651 3396 iustitiam
676 3332 880 3416 originalem
904 3333 1010 3396 fuisse
1033 3332 1164 3415 aliquid
1189 3351 1287 3401 mere
1311 3356 1372 3402 ex-

294 3420 497 3519 trinsecum3
531 3440 590 3505 sed
620 3440 833 3504 solummodo
858 3440 1014 3504 indicant
1037 3440 1098 3503 illa
1121 3440 1252 3506 eximia
1277 3444 1372 3510 dona

293 3564 406 3627 neque
438 3547 649 3612 constituere
683 3548 829 3610 hominis
863 3555 1026 3611 naturam
1062 3566 1173 3630 neque
1198 3552 1372 3617 constitu·

443 3813 505 3865 Hm
506 3830 597 3881 ιιιιιιι
619 3813 683 3881 apxh
678 3830 717 3864 ι.ιι
737 3829 782 3881 op.
803 3831 826 3867 c.
847 3830 873 3882 p.
894 3815 1007 3868 64-66.

402 3817 642 3968 :JCatechismus
662 3902 859 3970 Romt,pmus
862 3903 909 3970 .·,Ι
929 3919 953 3956 o.
973 3902 1010 3971 ΙΙ,
1033 3904 1075 3958 19.

403 3991 506 4056 llbid
525 4006 593 4059 pars
613 3990 699 4058 ll,c
702 3990 792 4060 .Xll,
814 3993 854 4045 10.
