2872 4666
603 316 820 381 -47-

177 549 270 613 quae
303 530 423 596 stricte
446 529 690 612 distinguenda
714 534 796 594 suut
819 530 1034 595 confundant
1058 535 1164 612 atque
1186 530 1247 594 im·

178 641 302 720 putent
325 637 506 702 catholicis
528 655 620 721 quae
643 636 697 701 his
717 637 857 703 minime
875 638 1030 720 gentium
1051 637 1248 719 probentur.

287 745 336 809 Ut
358 745 518 826 exempla
542 745 700 827 aiteram,
724 745 854 826 passim
878 746 1139 809 contunduntur
1157 762 1249 828 quae

178 872 200 917 a
225 852 407 917 catholicis
439 853 605 936 theologis
636 852 678 917 de
702 856 796 916 statu
821 857 969 917 naturae
993 871 1103 934 purae
1126 852 1248 917 docen-

179 962 236 1023 tur
260 977 341 1023 cum
365 962 414 1025 eis
437 977 529 1041 quae
560 961 603 1024 de
636 962 730 1023 statu
764 959 915 1025 iustitiae
947 959 1125 1042 originalis
1154 959 1247 1023 aiiir·

180 1072 331 1131 mantur.
377 1066 468 1132 Hinc
501 1067 582 1133 illae
615 1067 723 1132 etiam
750 1073 856 1150 atque
880 1068 984 1132 etiam
1009 1067 1177 1148 repetitae
1200 1065 1248 1129 in·

179 1174 439 1240 criminationes
463 1174 585 1240 veluti:
614 1175 804 1239 catholicos
838 1176 961 1240 docere
992 1175 1122 1239 homini
1156 1174 1249 1236 inno-

180 1282 274 1347 centi
298 1281 413 1346 nullas
437 1299 522 1364 prae
546 1282 644 1364 lapso
664 1282 771 1347 fuisse
790 1281 1069 1366 praerogativam
1094 1281 1251 1346 deiectus

180 1390 240 1472 qui
264 1390 300 1453 in
323 1390 388 1453 hoc
412 1389 677 1472 perspiciantur,
709 1389 745 1453 iu
778 1390 837 1453 illo
868 1407 1005 1473 quoque
1032 1389 1140 1453 fuisse
1167 1392 1250 1452 etc...

126 1563 128 1566 Α
180 1497 226 1562 Et
248 1515 370 1562 rursus
393 1515 438 1562 ex
461 1515 509 1580 eo,
542 1497 635 1581 quod
659 1515 728 1561 nou
751 1497 943 1562 attenditur
966 1481 1011 1560 ad
1034 1497 1133 1560 illam
1157 1496 1249 1578 apud

182 1605 356 1686 theologos
380 1605 499 1668 tritam
522 1604 613 1669 iuter
637 1604 727 1667 dona
747 1611 886 1686 praeter
909 1610 944 1670 et
967 1603 1250 1686 supernaturalia

182 1711 446 1795 distinctionem,
482 1713 675 1794 procedunt
707 1712 924 1794 objectiones,
961 1712 1053 1795 quod
1089 1710 1251 1776 catholici

182 1819 294 1884 veluti
317 1822 474 1884 tenerent
492 1837 555 1900 per
573 1823 758 1901 peccatum
778 1819 951 1884 hominem
970 1821 1080 1884 solam
1099 1818 1250 1902 gratiam

182 1927 341 1992 amisisse
364 1927 518 2009 nihilque
542 1928 691 2009 amplius
705 1926 733 2006 1).

291 2032 451 2099 Ceterum
485 2051 592 2116 quam
625 2051 751 2115 parum
783 2033 979 2098 catholicae
1002 2035 1044 2098 de
1068 2036 1170 2114 lapsu
1193 2033 1250 2096 ho·
1310 2103 1312 2107 ,

184 2141 286 2204 minis
319 2141 498 2206 doctrinae
531 2159 655 2206 nomen
689 2141 896 2222 pelagianae
919 2142 1115 2222 conveniat,
1147 2140 1251 2204 docu-

184 2253 300 2313 mento
323 2266 399 2313 esse
423 2252 533 2330 potest
556 2250 662 2312 etiam
685 2248 759 2330 lpse
783 2248 936 2313 Nicanor
959 2248 1252 2328 archiepiscopus,

185 2359 350 2420 strenuus
374 2355 472 2420 istius
496 2355 695 2420 calumniae
718 2361 965 2437 propugnator.
1159 2426 1163 2434 ,

293 2462 371 2544 Ipse
402 2463 493 2527 enim
517 2462 677 2525 instituta
699 2463 803 2543 longa
826 2462 967 2526 aelata
1000 2463 1090 2526 inter
1123 2467 1251 2525 utram-

184 2587 254 2652 que
277 2570 449 2634 haeresim
481 2573 530 2650 (ut
553 2569 646 2649 dicit)
679 2569 941 2650 comparatione
974 2574 1112 2661 praeter
1135 2568 1250 2633 simili·

185 2677 323 2742 tudines
342 2695 430 2760 quas
449 2677 611 2759 opinatur
634 2696 702 2741 non
727 2681 846 2758 potest,
872 2677 955 2758 quin
980 2681 1014 2741 et
1038 2676 1255 2741 differentias

187 2785 345 2866 aspiciat.

294 2892 349 2955 Ex
371 2892 447 2971 ejus
470 2895 584 2957 mente
608 2892 771 2957 catholici
803 2893 838 2955 in
875 2910 914 2956 eo
947 2910 1028 2956 cum
1061 2891 1256 2975 pelagianis

187 2999 408 3081 conveniant,
444 3000 535 3083 quod
572 3003 737 3064 naturam
775 3000 966 3063 humanam
1003 3003 1079 3081 post
1117 3000 1255 3080 lapsum

187 3106 334 3171 eandem
367 3107 536 3172 mansisse
568 3114 674 3191 atque
707 3125 748 3172 ea
781 3125 872 3190 quae
904 3108 970 3171 luit
1001 3112 1084 3173 ante
1116 3107 1255 3188 lapsum

187 3213 375 3296 affirment,
407 3214 593 3280 discrimen
618 3215 644 3278 si
669 3214 760 3296 quod
784 3216 874 3279 inter
899 3219 1083 3297 utramque
1116 3216 1256 3295 ponant,

187 3320 273 3384 illud
306 3337 374 3383 non
406 3321 589 3386 essentiale
612 3340 687 3387 esse
711 3321 830 3386 dicant
853 3322 911 3386 sed
935 3323 1081 3386 formale
1105 3325 1255 3385 tantum·

188 3428 297 3490 modo.
322 3426 497 3493 Diiierunt
520 3445 605 3493 vero
630 3429 792 3493 catholici
815 3447 838 3492 a
862 3428 1053 3512 pelagianis
1085 3428 1196 3493 solum
1220 3427 1256 3491 iu
1305 3507 1309 3513 ,
1428 3494 1431 3507 ,

300 3715 318 3780 ¹)
337 3712 480 3783 Exempla
500 3713 586 3765 huius
606 3713 801 3766 confussionis
828 3712 970 3780 reperies:
995 3713 1073 3780 apud
1101 3711 1257 3779 Himauopn,

188 3822 234 3875 op.
255 3822 278 3858 c.
298 3819 327 3872 p.
347 3804 451 3858 61—67
459 3823 466 3870 ς
477 3834 510 3840 -
520 3802 719 3871 Emulranosuss
736 3802 767 3855 Ji.
788 3818 832 3870 op.
853 3818 876 3855 c.
896 3802 1015 3868 35—363
1026 3832 1059 3840 —
1070 3802 1257 3870 prcnoucuiii,

186 3912 233 3966 cp.
254 3911 278 3948 c.
299 3909 327 3962 p.
346 3893 465 3961 31-323
485 3922 518 3931 -
537 3891 685 3945 l'cneucnih
709 3890 756 3943 En.
786 3907 831 3959 op.
855 3907 878 3944 c.
904 3890 1259 3957 39-40;-cunm10m,

187 4001 233 4055 op.
255 4001 279 4038 c.
300 3983 338 4052 Il,
358 3987 373 4047 ἓ
392 3984 435 4052 39,
455 4000 482 4053 p.
502 3984 545 4037 53.
