2872 4666
611 317 852 393 -us-

150 484 256 580 ¹1ss
271 527 341 592 nisi
360 528 569 609 profundam
587 545 713 610 pacem
733 528 948 612 plenamque
962 530 1265 614 tranquillitatem

150 615 416 700 etti-insecus
435 653 528 716 vero,
547 653 629 713 cum
648 633 763 700 omnia
782 636 1087 703 mundi-clementa
1106 637 1139 702 in
1161 639 1265 720 plena

150 727 383 806 ¹¹³·rmonia
407 749 649 825 concentuque
672 746 794 826 essent,
827 760 896 809 non
927 747 1087 828 poterant
1119 746 1155 810 in
1184 761 1265 817 eum

150 839 365 930 'Xersem
389 850 454 914 nisi
477 851 711 932 operationem
733 851 951 925 beatificam»
968 851 998 933 ¹t
1161 917 1162 920 ,
1234 914 1237 925 ,

222 1043 227 1049 .
304 955 431 1040 Itaque
453 956 612 1022 sicutex
635 957 712 1023 idea
736 957 800 1023 Dei
828 958 962 1025 infinite
986 959 1152 1041 sapientis
1174 960 1266 1024 russi

150 1053 415 1138 ³0ncludunt
442 1064 614 1129 bominem
637 1063 714 1146 ipsa
734 1069 864 1129 natura
887 1066 994 1130 luisse
1016 1065 1120 1147 plane
1142 1069 1266 1148 aptum

150 1161 234 1232 *d
263 1187 371 1234 suum
395 1171 500 1236 finem
527 1171 795 1254 assequendum,
813 1175 921 1253 atque
951 1173 1158 1254 perfectum3
1192 1175 1266 1236 tum

150 1271 239 1340 Ex„
260 1277 332 1341 hoc
355 1277 508 1342 inferunt
530 1295 610 1342 eum
629 1278 675 1341 ab
694 1278 785 1342 omni
805 1296 943 1361 quoque
960 1280 1106 1362 deiectu,
1130 1286 1266 1361 ergoet

150 1385 210 1440 ἣ
237 1383 528 1465 concupiscentia
552 1385 740 1449 immunem
762 1384 883 1465 fnisse3
914 1387 1020 1468 atque
1043 1385 1093 1450 sic
1116 1386 1162 1449 ad
1185 1386 1264 1449 bar-

173 1491 361 1573 moniam,
379 1508 470 1573 quae
488 1491 564 1572 ipsa
583 1495 711 1555 natura
730 1492 821 1558 inter
839 1492 987 1556 hominis
1005 1493 1099 1557 vires
1118 1510 1267 1574 regnare

167 1591 323 1677 «iebus,
350 1597 572 1678 perveniunt3
595 1598 644 1662 ita
667 1616 762 1662 nunc
784 1599 913 1681 partim
932 1617 977 1664 ex
995 1599 1117 1664 eadem
1134 1599 1267 1663 virium

200 1701 391 1786 harmonia,
424 1722 494 1786 qua
526 1705 659 1786 primus
682 1705 782 1769 homo
805 1706 898 1776 intus
921 1705 1105 1790 gaudebat,
1138 1705 1267 1787 partim

198 1827 239 1875 ex
265 1811 462 1902 harmonia,
494 1828 585 1893 quae
612 1816 718 1876 extra
746 1811 918 1877 hominem
946 1812 1035 1878 inter
1059 1812 1179 1876 mundi
1201 1812 1267 1878 ele·

200 1921 318 1983 menta
352 1918 531 2000 regnabat,
563 1919 716 1983 inferunt
748 1937 828 1984 eum
859 1921 935 2000 ipsa
958 1938 1094 2003 quoque
1117 1923 1267 1984 naturae

198 2025 234 2090 ri
257 2043 281 2090 a
307 2025 435 2088 morbis
458 2024 701 2108 doloribusque
724 2027 912 2092 immunem
935 2045 1010 2093 esse
1033 2026 1200 2091 debuisse.

306 2130 342 2197 Si
365 2131 455 2195 russi
478 2132 543 2196 sibi
567 2135 727 2199 constare
746 2133 866 2215 velint,
889 2134 1034 2197 ulterius
1053 2132 1268 2215 procedendo

197 2239 328 2303 inlerre
361 2238 485 2303 debent
518 2240 670 2320 primum
702 2239 875 2305 hominem
898 2241 935 2305 vi
958 2259 1095 2323 quoque
1117 2246 1269 2324 naturae

194 2344 284 2410 suae
308 2336 459 2426 potuisse
478 2363 545 2409 non
565 2347 651 2410 mori
670 2365 731 2410 seu
750 2346 981 2411 immortalem
999 2347 1118 2428 luisse;
1141 2346 1269 2429 quippe

193 2469 280 2516 cum
305 2451 394 2541 nihil
415 2457 513 2535 esset,
537 2455 628 2535 quod
650 2453 686 2517 in
708 2471 790 2519 eum
813 2453 1025 2519 destructive
1049 2462 1176 2537 ageret.
1202 2451 1269 2518 Sed

193 2559 240 2624 de
263 2559 334 2623 hac
359 2575 397 2623 re
420 2558 592 2624 vacillare
614 2560 778 2624 videntur
790 2558 819 2639 ¹).
847 2559 917 2623 Alii
939 2559 1151 2624 solummodo
1175 2577 1267 2624 men·

310 2807 330 2870 ¹)
348 2805 531 2873 Bpemesms,
544 2821 589 2875 op.
598 2820 621 2858 c.
630 2805 652 2874 l,
660 2822 688 2874 p.
697 2805 757 2860 197.
772 2804 912 2858 Lebedev
926 2806 1017 2858 etiam
1032 2805 1268 2873 longaevitatem

192 2910 260 2964 qua
270 2894 405 2947 homines
420 2895 516 2962 prima
529 2899 627 2947 aetate
642 2894 827 2948 excellebant
837 2893 1004 2946 considerat
1017 2897 1053 2947 ut
1066 2893 1207 2962 reliquias
1217 2907 1268 2948 na·

195 2983 306 3039 turalis
315 2982 396 3036 illius
404 2982 606 3050 paradisiacae
617 2983 817 3052 perfectionis:
827 2982 1029 3051 «Quapropter
1038 2987 1068 3035 et
1076 2981 1268 3051 postdamna·

198 3073 322 3141 tionem,
342 3072 448 3141 inquit,
477 3076 568 3141 atquc
586 3073 702 3142 gratiae
721 3073 910 3126 amissionem
928 3076 1055 3125 naturae
1074 3072 1270 3146 perfectiones

193 3178 259 3217 non
280 3163 387 3215 statim
406 3163 438 3214 in
456 3162 625 3216 hominibus
644 3162 866 3230 disparuerunt3
889 3161 1001 3214 malum
1020 3175 1080 3214 non
1099 3161 1200 3214 statim
1220 3176 1270 3214 eos

193 3253 232 3305 *in
260 3265 350 3305 suam
378 3253 554 3319 potestatem
583 3251 708 3319 redegit,
736 3255 828 3318 atque
855 3248 1015 3319 corporalis
1043 3255 1150 3303 natura
1179 3249 1269 3302 etiam

192 3342 294 3410 longo
317 3340 457 3409 temporis
477 3341 571 3410 spatio
589 3341 719 3408 vestigia
737 3339 938 3409 paradisiacae
961 3339 1149 3407 perfectionis
1168 3342 1269 3407 gesta-

196 3430 254 3484 bat
273 3430 306 3483 in
328 3444 381 3483 sna
400 3430 631 3498 longaevitate».
649 3429 784 3487 deberem,
801 3427 833 3482 A.
852 3443 897 3496 op.
917 3442 941 3482 c.
960 3442 988 3496 p.
1009 3428 1068 3481 161.

310 3519 332 3584 ²)
350 3517 439 3572 Russi
459 3518 631 3587 polemistae
651 3519 760 3588 passim
780 3519 958 3586 impugnant
972 3516 1147 3570 catholicam
1161 3515 1270 3570 doctri-

193 3621 286 3662 nam:
307 3608 462 3661 «futurum
486 3608 586 3676 fuisse,
614 3612 649 3661 ut
668 3607 754 3660 homo
773 3606 804 3659 in
823 3607 905 3674 puris
931 3605 1121 3659 naturalibus
1148 3605 1270 3658 relictus

197 3696 293 3750 morti
328 3697 494 3764 ceterisque
526 3695 694 3750 defectibus
726 3695 906 3762 subiaceret3
939 3698 1065 3746 mortem
1098 3699 1270 3762 ceterosque

191 3785 341 3840 delectus
361 3784 420 3838 iam
434 3799 472 3839 ex
486 3785 557 3854 ipsis
576 3783 729 3854 principiis
748 3799 800 3837 sen
818 3783 982 3851 elementis,
1012 3797 1089 3850 quae
1108 3783 1270 3836 humanam

192 3880 345 3931 naturam
378 3874 569 3943 constituant,
596 3875 762 3927 necessario
794 3872 961 3941 provenire,
995 3876 1133 3925 naturam
1165 3875 1270 3940 utpote

189 3963 363 4018 limitatam
387 3963 553 4017 necessario
578 3962 757 4016 naturaliter
786 3961 953 4030 consequi».
989 3959 1036 4012 Ex
1064 3960 1158 4013 altera
1185 3963 1271 4027 parte

253 4073 440 4106 ooorsrrrmssoouu.
1147 4048 1164 4102 8
