2872 4666
510 323 728 390 ..19-

194 538 259 604 Sed
282 538 405 602 nullibi
427 537 527 618 russi,
550 541 721 621 quantum
741 544 957 622 compertum
977 540 1154 621 habemus,

82 649 175 711 inter
193 647 298 710 finem
323 645 519 710 naturalem
544 649 579 709 et
601 647 905 726 supernaturalem
924 646 1155 730 distinguunt3

82 757 191 819 tinem
215 754 260 817 ad
283 770 384 835 quern
409 754 595 817 creaturae
614 757 688 815 tum
708 752 935 835 irrationales,
959 756 1033 816 tum
1052 754 1155 818 ratio·

85 862 185 926 nales
218 860 337 924 ultimo
366 858 593 940 destinantur,
630 858 833 940 simpliciter
871 867 1002 925 vocant
1039 862 1155 944 finem,

84 968 170 1051 quin
194 967 268 1032 eius
291 965 495 1031 relationem
519 965 564 1030 ad
588 983 705 1031 rerum
730 972 896 1031 naturam
916 967 1156 1033 determinent.

84 1076 140 1140 Ex
163 1075 276 1139 altera
300 1091 384 1138 vero
407 1077 507 1154 parte
530 1091 611 1138 eum
631 1073 673 1139 de
691 1073 750 1137 illo
768 1073 848 1157 line,
871 1075 916 1138 ad
935 1093 1038 1156 quem
1058 1093 1153 1140 orea-

86 1187 189 1247 turae
225 1180 413 1250 rationales
449 1187 484 1246 et
520 1181 740 1246 irrationales
774 1181 894 1245 ultimo
927 1182 1156 1264 destinantur,

68 1293 206 1372 agunt,
240 1288 487 1354 beatitudinem
519 1306 656 1370 quoque
688 1292 868 1354 aeternam
892 1295 1078 1354 creaturae
1100 1307 1155 1354 ra·

86 1397 226 1463 tionalis
249 1401 283 1462 et
307 1396 476 1461 visionem
499 1395 700 1460 beatificam
728 1396 913 1461 includunt
934 1402 1041 1479 atque
1064 1416 1154 1462 com·

86 1504 243 1570 miscent.
266 1501 488 1585 Quapropter
512 1504 586 1567 iure
610 1503 731 1567 merito
750 1503 873 1586 quaeri
894 1509 1013 1587 potest,
1038 1509 1156 1569 utrum

86 1613 179 1676 russi
207 1611 454 1677 beatitudinem
489 1613 678 1692 aeternam,
710 1610 756 1675 ad
780 1629 888 1693 quarn
912 1616 1077 1676 creatura
1101 1629 1155 1676 ra·

86 1719 226 1784 tionalis
259 1718 379 1782 ultimo
411 1717 584 1782 destinata
608 1723 668 1800 est,
702 1722 740 1781 ut
762 1718 906 1800 aliquid,
939 1719 1030 1800 quod
1054 1723 1157 1783 extra

87 1830 123 1892 et
146 1829 286 1908 praeter
308 1824 383 1903 ejus
407 1830 557 1888 naturae
579 1823 750 1888 ambitum
773 1824 826 1905 sit,
851 1825 1078 1906 considerent,
1110 1843 1157 1889 an

88 1951 173 1999 vero
198 1937 237 1996 ut
258 1932 399 2015 aliquid,
431 1931 522 2014 quod
554 1935 740 1997 creaturae
763 1932 928 1996 rationali
951 1933 989 1996 vi
1012 1933 1157 1996 creatio·

88 2041 144 2105 nis
167 2039 285 2123 aliquo
308 2040 407 2104 modo
431 2039 475 2103 sit
498 2038 661 2120 debitum,
685 2037 939 2103 connaturale?

199 2147 299 2212 Russi
325 2147 429 2225 hujus
452 2146 596 2210 ultimae
620 2146 812 2210 sententiae
842 2163 918 2211 esse
941 2146 1113 2211 videntur.

197 2254 369 2335 Repetunt
400 2252 538 2335 quidem
574 2252 732 2317 ultimum
765 2258 951 2318 creaturae
984 2253 1089 2318 tinem
1113 2271 1159 2318 ex

88 2368 223 2441 sancta,
252 2361 423 2426 benevola
456 2359 520 2424 Dei
552 2360 741 2440 voluntate,
775 2361 835 2424 sed
868 2378 937 2423 non
959 2360 1029 2423 alio
1054 2377 1158 2424 sensu

88 2487 197 2552 quam
215 2468 329 2550 ipsum
348 2468 491 2532 creandi
510 2473 640 2546 actum,
659 2485 808 2549 quocum
828 2467 927 2531 illurn
942 2467 1161 2549 conjungunt

89 2579 126 2640 et
144 2577 247 2640 simul
266 2577 398 2656 ponunt
410 2574 438 2652 ¹).
462 2574 567 2649 Finis,
592 2574 637 2637 ad
659 2593 764 2657 quem
788 2580 954 2639 creatura
977 2575 1083 2640 etiam
1103 2592 1158 2638 ra·

89 2682 229 2747 tionalis
267 2681 386 2746 ultimo
424 2682 626 2762 destinatur,
667 2682 871 2762 simpliciter
914 2683 1041 2746 dicitur
1078 2682 1159 2746 finis

90 2789 244 2870 creandi,
267 2788 460 2870 creationis,
493 2789 539 2852 ad
572 2805 675 2870 quem
708 2793 860 2868 creatur,
892 2790 937 2853 ad
972 2807 1074 2870 quem
1099 2789 1161 2852 illa

90 2899 169 2981 ipsa
191 2896 376 2963 existentia
399 2904 434 2962 et
457 2902 585 2960 natura
609 2913 673 2959 sua
697 2896 891 2960 destinatur
904 2895 932 2974 ²).
962 2895 1062 2976 Quod
1086 2914 1160 2977 spe-

92 3005 230 3069 cialiter
248 3005 420 3069 hominem
440 3009 522 3067 ante
536 3004 674 3085 lapsum
688 3003 821 3068 attinet:
849 3002 1066 3068 «Christiana
1084 3004 1159 3069 reli·

90 3114 157 3196 gio,
180 3111 292 3194 inquit
315 3111 501 3192 Macarius,
524 3116 577 3175 est
596 3128 663 3173 non
682 3112 792 3173 solum
808 3111 928 3176 foedus
943 3113 1032 3175 inter
1047 3111 1160 3176 Deum

90 3225 128 3285 et
147 3220 328 3298 hominem,
346 3219 450 3300 quale
468 3223 545 3283 erat
563 3218 682 3309 foedus
702 3218 879 3300 originale,
899 3220 943 3282 ad
959 3218 1049 3300 quod
1065 3217 1160 3281 Deus

91 3327 266 3392 hominem
291 3343 464 3390 unacum
489 3325 637 3390 caeteris
660 3326 819 3389 omnibus
843 3325 1045 3390 substantiis
1064 3324 1162 3405 spiri-

93 3433 249 3499 tualibus
273 3440 468 3498 vooaverat
501 3451 550 3498 eo
573 3435 681 3514 ipso,
714 3434 832 3515 quod
866 3434 1069 3512 creavit3
1102 3431 1162 3494 sed

204 3630 224 3691 ⁸)
243 3627 373 3694 llanapili.
392 3626 477 3694 Hpau.
496 3626 576 3690 jiorrr.
595 3626 755 3680 Bororuosie.
772 3627 808 3695 ll,
829 3629 902 3690 559,
922 3642 948 3694 p.
959 3627 1052 3679 370et
1063 3641 1118 3692 sq.;
1131 3655 1161 3663 —

90 3717 221 3783 Aaronili,
242 3731 287 3784 op.
307 3730 330 3768 c.
351 3716 424 3782 §aa
444 3731 471 3784 p.
481 3716 529 3783 813
549 3745 581 3752 -
599 3715 778 3783 ilpeuaeunra,
799 3731 843 3784 op.
863 3731 886 3768 c.
907 3732 933 3783 p.
953 3715 1011 3781 154,
1028 3723 1057 3767 et
1072 3718 1126 3766 eet.

203 3809 224 3869 ²)
243 3804 374 3873 Manapill.
394 3805 498 3858 Boram.
524 3804 560 3872 ll,
590 3808 605 3868 5
625 3805 667 3872 59,
694 3820 720 3873 p.
741 3805 896 3870 370-3713
923 3832 956 3842 —
981 3803 1163 3870 Bpennennm,

89 3912 137 3965 op.
159 3911 183 3949 c.
203 3894 227 3961 I,
247 3910 273 3963 p.
295 3895 354 3961 154,
374 3895 440 3962 2053
460 3900 489 3948 et
509 3895 560 3948 alii
579 3909 647 3948 euru
666 3894 702 3947 de
721 3895 783 3947 fine
804 3895 866 3947 sive
884 3892 1017 3946 universi
1037 3906 1162 3959 genera-

89 3987 156 4051 tim,
176 3984 241 4038 sive
260 3986 437 4052 angelorum
458 3989 487 4037 et
507 3985 664 4053 praecipue
683 3984 811 4037 hominis
830 3990 935 4050 agunt.

1027 4072 1056 4107 0*
