2872 4666
606 279 825 345 ..66-

185 500 369 578 utramque
402 495 572 561 habuerit.
616 495 716 577 Quod
748 500 785 563 et
818 515 845 561 s.
876 497 978 562 Joan.
1010 497 1219 562 Damascenis

180 604 379 667 confirmat:
402 605 519 665 «τοίνυν
537 608 592 666 τὸν
611 610 774 690 ἄνθρωπον
788 611 804 667 d
819 598 999 692 δημιουργὸς
1017 606 1116 691 ἀρ’ρενα
1127 622 1220 666 aurau-

182 711 298 785 κεύασε,
330 707 481 795 μεταδοὺς
516 716 601 795 αὐτῷ
633 720 689 797 τῆς
719 715 832 774 ἑαυτοῦ
865 714 951 786 θείας
980 715 1112 800 χάριτος,
1140 712 1181 773 καὶ
1196 707 1221 766 ἐν

182 819 321 897 κοινωνίᾳ,
344 821 455 880 ἑαυτοῦ
479 811 531 880 διὰ
553 821 669 905 ταύτης
693 824 787 882 αὐτὸν
810 823 1028 907 ποιησάμενος»
1044 821 1072 898 ¹t

288 926 379 1009 Ergo
412 927 529 1007 gratia
562 928 809 993 sanctificante
835 929 1023 993 similitudo
1047 929 1109 994 Dei
1131 929 1163 991 in
1180 925 1219 989 ho-

182 1033 273 1097 mine
305 1034 497 1098 formaliter
530 1036 684 1100 efficitur
715 1042 822 1118 atque
853 1040 1004 1100 constat:
1042 1036 1137 1101 Haec
1161 1045 1225 1112 ergo

180 1140 296 1219 gratia
319 1141 414 1204 nullo
438 1141 537 1205 modo
560 1144 818 1224 praetereunda
839 1149 901 1208 est

291 1248 405 1331 Atque
428 1248 517 1314 haec
540 1250 582 1314 de
606 1254 753 1333 utroque
786 1250 934 1314 hominis
961 1254 1070 1314 statu:
1101 1254 1180 1313 ante
1203 1253 1231 1309 et

182 1362 257 1436 post
290 1357 428 1437 lapsum
458 1357 593 1436 valent3
626 1357 686 1422 sed
717 1364 772 1421 est
802 1357 908 1422 etiam
942 1357 1129 1422 discrimen
1159 1357 1235 1418 inter

181 1469 374 1546 utrumque.

289 1573 447 1638 Proiecto
467 1573 602 1636 nullum
625 1590 764 1655 quoque
785 1572 929 1636 dubium
952 1577 1014 1654 est,
1037 1571 1122 1654 quin
1142 1571 1245 1650 homo,

182 1684 367 1763 postquam
391 1679 601 1761 baptismate
624 1679 883 1743 similitudinem
907 1679 972 1744 Dei
990 1678 1139 1760 accepit,
1163 1684 1247 1760 post-

179 1805 286 1871 quam
310 1787 347 1851 vi
370 1787 627 1851 sanctiticantis
649 1787 794 1869 gratiae,
826 1789 941 1870 imago
965 1785 1029 1852 Dei
1052 1786 1177 1850 similis
1200 1788 1255 1851 est

179 1897 303 1976 iactus,
340 1894 461 1958 sistere
502 1912 571 1956 non
611 1893 745 1973 debeat,
790 1894 851 1959 scd
893 1898 994 1958 curet
1025 1911 1172 1958 neeesse
1200 1892 1257 1973 sit,

184 2007 223 2065 ut
245 2002 349 2066 etiam
374 2005 480 2082 atque
502 2001 608 2065 etiam
631 2001 737 2064 altius
760 2001 938 2065 ascendat
969 1997 1198 2081 Quapropter
1219 2004 1258 2064 et

181 2129 208 2174 s.
231 2108 420 2191 Gregorius
453 2109 555 2190 Nysa.
588 2117 628 2171 ut
658 2109 759 2172 dixit:
795 2108 998 2170 «Κατέἰκονα
1028 2108 1086 2193 γὰρ
1120 2111 1189 2192 ἔχω
1216 2110 1260 2169 τὸ

180 2219 302 2302 λογικὸς
324 2213 407 2289 εἶναι,
431 2216 649 2300 καθ’ὁμοίωσιν
673 2207 707 2277 δὲ
729 2216 851 2301 γίνομαι
878 2217 973 2298 ἐντῷ
996 2214 1184 2300 Χριστιανὸς
1206 2214 1260 2301 γε’·

178 2332 316 2406 νεσθαι»,
348 2325 506 2406 adiungit
529 2325 640 2389 verba
663 2342 689 2387 s.
713 2324 927 2406 Scripturae:
963 2322 1108 2384 «Γίνεσθε
1141 2323 1261 2384 τέλειοι

181 2439 221 2506 ὡς
245 2438 261 2493 ὁ
284 2431 395 2516 Πατὴρ
420 2439 503 2517 ὑμῶν
522 2438 537 2493 ὁ
558 2434 690 2517 οὐράνιος
708 2433 822 2504 τέλειός
839 2429 983 2511 ἐστιν’)
1006 2430 1058 2494 En
1079 2430 1262 2496 habemus

177 2539 368 2618 christiani,
391 2558 459 2621 quo
482 2540 675 2603 tendamus.
721 2540 875 2604 Tendere
899 2557 984 2603 vero
1007 2537 1189 2621 debemus,
1218 2544 1260 2601 ut

178 2655 274 2714 recte
310 2649 399 2711 russi
437 2649 633 2729 opinantur,
670 2647 809 2729 propria
847 2645 1017 2710 industria
1053 2645 1262 2711 adiuvante

179 2756 294 2838 gratia
318 2755 437 2818 divina
457 2755 642 2819 veritatem
657 2759 693 2819 et
708 2754 872 2818 virtutem
887 2752 1132 2817 consectando.
1158 2751 1257 2833 Qua·

177 2868 317 2945 propter
335 2867 370 2926 et
389 2882 413 2925 s
429 2861 559 2926 Doctor
580 2861 724 2926 ulterius
747 2862 950 2925 cohortatur
973 2860 1189 2925 christianos
1208 2861 1259 2924 ad

176 2974 267 3036 bona
291 2988 397 3051 opera
420 2975 455 3034 et
478 2970 650 3032 virtutum
674 2970 888 3034 exercitium.

283 3077 414 3141 Verum
447 3095 528 3140 cum
560 3077 649 3140 haec
673 3095 697 3140 s.
722 3074 910 3158 Gregorius
932 3077 1041 3156 docet,
1074 3092 1139 3138 nos
1166 3094 1262 3158 prae

182 3186 300 3250 oculos
324 3185 437 3249 habet.
462 3184 589 3248 Nostra
612 3189 729 3249 autem
754 3184 903 3248 conditio
935 3201 1003 3247 non
1026 3185 1081 3248 est
1102 3186 1258 3248 coniun-

178 3294 290 3357 denda
314 3311 396 3356 cum
419 3292 613 3356 conditione
636 3292 837 3371 innocentis,
862 3294 901 3353 ut
923 3291 1013 3356 idem
1037 3291 1140 3356 docet
1152 3292 1186 3373 a,

286 3492 305 3552 ¹)
324 3486 408 3540 Joan.
429 3487 564 3540 Damaso.
584 3487 621 3540 dc
640 3485 722 3540 Orth.
742 3486 822 3554 Fide,
848 3486 898 3538 lib.
924 3485 962 3553 Π,
989 3499 1014 3543 c.
1038 3485 1087 3551 303
1120 3485 1175 3541 lib.
1203 3489 1257 3543 cit.

179 3590 241 3642 cap.
263 3578 293 3628 11
314 3582 402 3628 vocat
422 3576 571 3629 Adamum
593 3575 819 3645 «περιβεβλημένον
838 3575 935 3645 χάριν».

287 3662 449 3731 ²)G1ag0r.
471 3665 556 3734 Nyss.
577 3667 594 3718 l.
615 3683 638 3720 c.
659 3666 750 3731 Mign.
770 3667 813 3733 44,
833 3666 893 3719 273.

283 3757 301 3819 ³)
321 3753 399 3818 lbid3
426 3753 467 3806 ld.
489 3756 506 3807 l.
526 3771 550 3808 c.
570 3760 642 3808 orat.
663 3755 705 3819 113
732 3759 761 3806 et
787 3756 901 3808 ceteris.
927 3754 1067 3808 Ceterum
1081 3755 1120 3808 ad
1134 3770 1251 3824 cogno·

175 3843 325 3909 scendum,
345 3858 423 3911 quae
443 3846 480 3896 sit
498 3845 632 3898 doctrina
652 3861 673 3898 s,
693 3844 828 3897 Doctoris
847 3845 883 3898 de
903 3849 985 3899 statu
1004 3846 1137 3898 iustitiae
1154 3847 1257 3915 origi—
