2872 4666
619 311 835 377 ..29-

295 523 459 589 Attamen
478 543 658 608 nunquam
673 526 763 590 russi
777 527 881 604 hujus
899 545 1091 593 concursus
1110 531 1249 594 nomine

181 630 339 712 gratiam
362 649 468 713 quam
492 649 661 696 vocamus
676 634 878 700 elevantem
896 635 1101 717 intelligunt,
1125 636 1249 701 saltem

180 843 246 898 que
265 827 419 881 adicimus.
440 858 472 864 -
492 823 597 880 Gratia
621 826 770 881 dividitur
793 829 824 881 in
851 830 1080 898 naturalem,
1105 845 1182 898 quae
1212 836 1256 884 est

181 917 299 972 donum
313 916 448 970 divinum
463 916 600 969 naturale
610 922 766 970 creaturae
780 917 976 972 intellectuali
991 918 1127 987 gratuito
1141 918 1254 988 datum,

179 1010 217 1060 et
255 1005 621 1075 supernaturalem,
655 1020 732 1074 quae
760 1011 806 1059 est
838 1006 949 1061 donum
979 1007 1119 1062 ,divinum
1153 1023 1254 1078 super·

179 1095 325 1150 naturale
352 1100 505 1149 creaturae
533 1094 730 1148 intellectuali
760 1095 895 1163 gratuito
923 1096 1028 1150 datum
1064 1097 1101 1150 ad
1128 1099 1254 1152 salutem

179 1193 339 1240 aeternam
365 1185 544 1238 ordinatum.
573 1214 605 1223 —
631 1183 736 1238 Gratia
760 1187 998 1253 supernaturalis
1022 1187 1117 1242 altera
1145 1187 1256 1242 dicitur

179 1277 318 1344 gratis
337 1274 435 1342 data,
454 1289 531 1342 quae
551 1280 596 1328 est
615 1275 845 1342 supernaturale
864 1275 975 1329 donum
990 1276 1128 1331 divinum
1143 1277 1255 1331 homini

184 1366 320 1432 gratuito
340 1364 444 1419 datum
463 1364 501 1418 ad
521 1354 648 1433 proximi
668 1364 794 1418 salutem
821 1364 933 1419 directe
953 1365 1132 1434 ordinatum,
1160 1367 1255 1420 altera

182 1469 260 1508 vero
287 1458 441 1522 gratum
471 1455 633 1520 iaciens,
661 1468 739 1522 quae
768 1457 812 1507 est
837 1453 958 1507 domum
986 1455 1124 1508 divinum
1153 1471 1254 1525 super·

184 1544 326 1598 naturale
352 1544 502 1597 internum
528 1547 684 1596 creaturae
711 1543 908 1597 intellectuali
934 1544 1069 1612 gratuito
1092 1545 1197 1599 datum
1216 1546 1254 1599 ad

180 1633 348 1687 redendam
368 1634 451 1687 illam
470 1633 565 1702 ipsam
588 1640 720 1687 sanctam
744 1633 868 1700 Deoque
882 1638 1009 1701 gratam.
1021 1633 1145 1689 —Haec
1155 1636 1255 1703 gratia

179 1723 331 1777 dividitur
351 1725 381 1777 in
400 1724 584 1777 habitualem
603 1730 633 1776 et
652 1723 809 1776 actualem.
842 1720 947 1776 Gratia
966 1723 1190 1779 habitualis
1209 1732 1254 1779 est

178 1814 296 1868 donum
315 1813 451 1866 divinum
467 1813 695 1882 supernaturale
709 1813 862 1866 internum
881 1817 1036 1867 creaturae
1056 1815 1254 1868 intellectuali

178 1903 319 1973 gratuito
347 1903 490 1957 collatum
519 1907 813 1971 permanentem
844 1907 888 1955 est
917 1918 952 1956 ea
979 1902 1092 1956 adistat·
1124 1903 1253 1972 habitus,

183 1998 338 2062 tamquam
353 1993 449 2045 forma
464 1993 512 2045 vel
528 1992 657 2060 qualitas
672 1992 790 2045 animae
805 1991 961 2044 inhaerens
977 1991 1048 2060 fixa,
1067 2008 1253 2062 permanens

178 2082 346 2136 dummodo
365 2097 403 2137 ne
422 2086 541 2150 peccato
561 2082 678 2135 mortali
698 2081 881 2150 expoliatum
908 2095 942 2134 ea
969 2081 1067 2134 reddit
1084 2088 1252 2137 creaturam

177 2172 306 2225 divinae
324 2176 451 2225 naturae
470 2182 643 2238 consortem,
664 2171 829 2224 formaliter
848 2175 989 2239 sanctam,
1009 2171 1071 2225 Deo
1086 2177 1203 2240 gratam
1224 2178 1254 2226 et

179 2261 222 2315 ad
242 2261 337 2314 vitam
356 2267 510 2315 aeternam
525 2265 683 2329 acceptam.
703 2258 838 2314 Gratiam
859 2260 1042 2317 habitualem
1058 2261 1254 2323 subdividunt

179 2353 217 2407 in
236 2351 558 2405 sanctificantem
586 2351 635 2404 vel
665 2350 888 2417 iustificantem,
922 2351 1051 2405 virtutes
1078 2352 1193 2405 iniusas
1223 2359 1253 2407 et

177 2443 263 2496 dona
283 2442 403 2510 spiritns
423 2441 524 2495 sancti.
559 2441 747 2494 Recentiores
766 2440 899 2508 theologi
919 2441 1050 2508 gratiam
1068 2441 1252 2496 habitualem

182 2538 222 2586 ut
241 2531 402 2600 plurimum
424 2531 597 2599 simpliciter
616 2531 852 2584 sanctificantem
879 2535 999 2597 vocent;
1025 2530 1105 2598 quod
1132 2530 1252 2600 quidem

178 2636 234 2675 eos
254 2623 346 2674 secuti
367 2624 397 2673 et
416 2635 468 2673 nos
487 2619 638 2673 interdum
658 2620 797 2681 iacimus3
817 2634 999 2688 quamquam
1019 2619 1049 2672 id
1064 2620 1164 2674 minus
1175 2625 1254 2674 recte

181 2710 253 2763 fieri
281 2711 419 2777 fatemur,
448 2712 559 2764 etenim
588 2713 717 2777 utraque
745 2709 844 2777 gratia
873 2712 934 2762 tam
966 2709 1128 2763 habitualis
1162 2725 1252 2777 quam

178 2799 311 2855 actualis
339 2799 486 2852 hominem
516 2799 717 2852 sanctificant:
746 2798 798 2851 illa
827 2797 949 2866 quidem
978 2799 1151 2866 formaliter,
1180 2798 1252 2852 haec

182 2889 359 2943 efficienter.
379 2918 412 2926 —
432 2886 537 2942 Gratia
557 2877 728 2941 actualis
747 2891 792 2940 est
810 2887 923 2941 donum
942 2886 997 2940 Dei
1024 2887 1252 2957 supernaturale

178 2983 340 3034 creaturae
369 2978 565 3033 intellectuali
592 2978 630 3031 ad
658 2978 786 3030 salutem
814 2967 967 3030 aeternam
992 2979 1127 3045 gratuito
1146 2970 1250 3030 datum

183 3084 238 3138 per
256 3067 377 3121 modum
396 3073 482 3122 actus
500 3068 548 3121 vel
568 3067 708 3121 motionis
735 3067 931 3132 transeuntis3
955 3072 1001 3119 est
1026 3066 1123 3119 virtus
1149 3066 1252 3120 motio-

179 3174 244 3228 que
263 3157 366 3210 divina
385 3159 529 3225 gratuita,
548 3157 641 3210 libero
656 3157 778 3209 arbitrio
794 3157 937 3224 impressa
952 3155 1088 3224 illudque
1108 3155 1251 3209 reducens

179 3248 220 3302 de
239 3248 373 3316 potentia
390 3247 429 3301 ad
448 3251 548 3300 aetum
568 3246 835 3315 supernaturalem.
854 3245 911 3298 Per
930 3245 1059 3313 gratiam
1074 3246 1153 3298 enim
1169 3245 1251 3298 habi·

182 3338 297 3392 tualcm
323 3337 455 3405 aliosque
481 3337 601 3389 habitus
629 3336 743 3389 inlusos
772 3335 909 3388 elevatur
936 3335 1064 3387 liberum
1092 3334 1250 3387 arbitrium

181 3429 376 3494 iuvaturque,
395 3433 430 3480 ut
450 3427 488 3480 sit
506 3432 611 3495 potens
631 3427 663 3478 in
682 3434 752 3478 actu
771 3425 866 3493 primo
884 3424 922 3478 ad
942 3424 1128 3492 operationes
1148 3439 1250 3493 super·
1291 3429 1293 3432 ‘

180 3516 351 3582 naturales;
376 3516 427 3569 „ed
447 3521 481 3570 ut
499 3517 657 3571 actualiter
676 3530 726 3568 eas
747 3518 887 3583 operetur
905 3519 935 3567 et
954 3520 1041 3567 exeat
1061 3513 1098 3566 de
1117 3513 1251 3582 potentia
1344 3588 1345 3592 Ἰ

180 3606 221 3662 ad
236 3612 338 3658 actum
353 3606 526 3672 secundum,
546 3613 615 3673 eget
631 3605 744 3658 auxilio
759 3604 880 3672 speciali
897 3608 1036 3656 movente
1051 3602 1089 3655 ad.
1100 3602 1251 3670 agendum

178 3701 212 3750 et
232 3710 333 3750 secum
353 3700 501 3764 operante.
522 3693 680 3749 —Gratia
705 3693 829 3747 actualis
855 3693 1002 3746 dividitur
1026 3693 1057 3744 in
1077 3696 1250 3761 operantem

179 3791 212 3840 et
231 3790 448 3853 cooperantem.
485 3783 508 3838 O
516 3800 656 3853 perans
675 3784 784 3837 dicitur
810 3800 845 3838 ea
869 3800 946 3853 quae
971 3785 1032 3837 sola
1059 3784 1155 3838 efficit
1182 3784 1252 3837 boni

176 3875 324 3931 salutaris
343 3875 515 3929 volitionem
535 3876 567 3928 in
586 3875 678 3927 libero
702 3875 825 3928 arbitrio
850 3875 969 3942 praevie
997 3874 1026 3926 id
1051 3889 1110 3928 non
1137 3873 1250 3926 deside-

178 3970 276 4032 rante,
297 3971 422 4021 conante
441 3969 495 4020 aut
515 3970 655 4031 merente,
683 3965 733 4018 sed
754 3964 879 4018 subinde
898 3964 1078 4031 demerente,
1097 3978 1203 4016 averso
1222 3967 1252 4015 et
