2872 4666
606 348 823 413 ..27-

178 564 296 627 altera
320 567 420 645 parte
443 581 525 627 cum
548 563 738 628 necessitas
771 563 875 641 huius
907 561 1158 643 cooperationis
1190 579 1252 626 seu

177 688 384 751 concursus,
410 673 446 734 ut
470 669 561 734 inira
586 670 729 749 dicetur,
764 682 881 752 neque
899 669 1094 733 deducatur
1117 669 1183 732 nisi
1207 686 1252 733 ex

182 777 338 842 naturali
357 777 618 842 defectibilitate
637 783 822 842 creaturae
836 780 871 840 et
884 776 1121 841 imbecillitate
1141 792 1253 858 neque

177 885 345 967 exigatur
383 884 448 948 nisi
485 884 529 948 ad
563 883 819 948 conficiendum
851 883 917 948 iter
949 883 1040 966 quod
1072 884 1170 948 ducit
1205 883 1252 946 ad

182 992 344 1056 ultimum
368 992 483 1073 finem,
507 993 566 1074 qui
586 1010 648 1074 per
667 1009 703 1057 se
722 994 908 1056 creaturae
928 991 1168 1055 connaturalis
1187 995 1250 1073 est,

180 1099 310 1164 iterum
345 1117 414 1163 non
447 1104 612 1163 versatur
646 1099 710 1164 iste
743 1116 935 1163 concursus
969 1099 1035 1162 nisi
1068 1099 1103 1162 in
1132 1097 1252 1163 ordine

182 1206 346 1270 naturali.

293 1311 468 1397 Quidquid
491 1318 552 1396 est,
576 1315 609 1378 id
633 1323 768 1378 certum
793 1320 911 1379 manet
933 1332 1050 1378 russos
1069 1313 1252 1394 theologos,

177 1422 212 1484 si
236 1421 327 1503 quod
349 1421 524 1485 auxilium
548 1422 750 1504 gratuitum,
774 1422 802 1485 si
825 1439 933 1503 quam
957 1422 1109 1503 gratiam
1132 1437 1154 1483 a
1179 1421 1253 1485 Deo

178 1534 369 1594 'creaturae
387 1529 550 1593 rationali
572 1531 744 1611 praestari
763 1529 961 1610 admittunt,
980 1530 1044 1592 hoc
1060 1545 1253 1593 concursus

178 1654 245 1701 seu
269 1637 518 1718 cooperationis
538 1638 674 1703 nomine
697 1656 774 1702 earn
799 1636 991 1719 complecti,
1020 1637 1142 1701 saltem
1171 1653 1251 1700 curn

177 1743 226 1808 de
250 1744 386 1807 homine
410 1744 583 1809 innocenti
608 1750 726 1828 agunt.

291 1849 451 1916 Ceterum
476 1852 532 1916 hic
551 1870 744 1916 concursus
768 1853 868 1916 vario
891 1869 995 1916 sensu
1018 1849 1112 1932 apud
1135 1867 1253 1914 russos

182 1959 380 2023 usuvenit.

291 2067 470 2132 Interdum
503 2086 524 2131 a
558 2067 824 2132 conservatione
861 2078 892 2131 et
928 2083 1111 2142 concursu,
1147 2082 1252 2147 quem

178 2193 247 2239 nos
272 2175 421 2239 dicimus
445 2177 651 2256 naturalem,
671 2193 739 2238 non
758 2173 982 2254 distinguitur
1001 2178 1036 2238 et
1054 2173 1129 2251 ejus
1148 2189 1252 2238 sensu

183 2288 376 2362 usurpatur
389 2281 417 2361 ¹).

181 2492 278 2546 guero
298 2477 376 2530 inter
394 2492 571 2530 concursum
591 2476 760 2529 naturalem
784 2491 819 2529 ac
838 2475 971 2529 debiturn
991 2480 1022 2529 ct
1042 2478 1252 2542 supernatura-

182 2569 242 2620 lem
262 2571 292 2619 ct
311 2567 505 2634 gratuitum»,
526 2582 571 2619 ros
591 2566 669 2618 enirn
685 2565 845 2624 admodum
860 2565 951 2618 dubia
966 2571 1018 2618 est.
1037 2562 1159 2618 Certum
1174 2563 1252 2617 enirn

178 2662 237 2722 est,
270 2657 379 2724 plures,
408 2660 442 2708 nt
470 2653 620 2721 silvester,
653 2653 836 2722 lichr'inski,
869 2668 928 2707 non
956 2653 1143 2722 distinguere
1176 2653 1254 2706 inter

177 2745 373 2812 alterutrum,
402 2744 452 2797 sed
478 2749 641 2813 utrumque
666 2743 769 2797 eodem
797 2745 916 2796 nominc
943 2742 1087 2812 providae
1116 2756 1252 2810 coopera-

179 2836 273 2889 tionis
293 2849 347 2887 seu
365 2835 480 2902 gratiae
499 2834 664 2902 complecti,
682 2840 717 2886 ut
732 2833 810 2886 inira
826 2832 1034 2901 explicabitur.
1055 2830 1158 2900 Neque
1173 2830 1253 2899 apud

183 2924 347 2978 Macarlum
366 2938 412 2976 res
432 2923 519 2992 plane
539 2925 694 2992 perspicua
715 2927 767 2976 est.
787 2921 907 2975 Cortum
924 2921 1108 2975 solummodo
1125 2925 1170 2973 est
1184 2935 1253 2973 eum

177 3014 351 3081 distingere
369 3014 448 3066 inter
465 3013 722 3066 conservationem
741 3015 771 3065 et
789 3011 1035 3080 cooperationem,
1055 3025 1146 3080 quam
1166 3017 1254 3078 prout

178 3103 266 3158 omni
284 3103 362 3156 bono
380 3103 530 3156 concurrit
549 3104 678 3170 gratiam
699 3106 800 3165 vocat3
826 3101 877 3154 sed
901 3101 1126 3155 conservatione
1145 3099 1253 3153 solum·

183 3194 272 3247 modo
292 3196 542 3246 sustentatur
560 3196 710 3260 creatura,
738 3207 810 3260 crgo
839 3196 904 3245 tum
931 3191 1022 3245 etiam
1048 3205 1106 3243 non
1134 3197 1178 3243 est
1197 3189 1254 3242 nisi

184 3285 215 3336 in
236 3282 368 3351 potentia
386 3281 424 3334 ad
444 3282 610 3350 agendum
635 3296 708 3350 ergo
726 3283 871 3335 transitus
890 3280 927 3334 ad
948 3284 1047 3334 actum
1066 3294 1185 3333 necesse
1210 3284 1255 3331 cst

183 3375 245 3426 iarn
265 3372 464 3440 cooperationi
483 3371 670 3424 adscribatur
683 3376 730 3424 etc
741 3410 755 3424 ..
775 3369 810 3422 ln
825 3385 937 3438 genere
952 3383 1105 3423 russorum
1120 3369 1254 3422 doctrina

182 3460 221 3513 ‹ie
242 3459 430 3528 providentia
450 3465 479 3513 et
498 3461 656 3529 praecipue
671 3459 707 3513 de
722 3461 948 3513 conservatione
962 3463 992 3511 et
1007 3473 1151 3512 concursu
1166 3456 1255 3511 valde

179 3551 311 3605 obscura
329 3554 375 3603 est
393 3554 423 3603 et
443 3550 593 3615 intricata3
620 3549 670 3602 sed
689 3549 727 3602 de
746 3549 800 3602 hac
820 3563 852 3601 re
871 3549 1006 3617 specialis
1031 3548 1201 3601 dissertatio
1220 3555 1255 3600 ut

178 3638 429 3706 conscriberetur,
449 3641 594 3708 optimum
614 3644 702 3707 esset,
727 3654 774 3691 res
800 3639 879 3691 enim
898 3638 1021 3691 maximi
1041 3637 1182 3690 momenti
1202 3645 1255 3702 est,

184 3728 347 3799 praecipue
365 3728 401 3781 ad
422 3727 649 3796 intelligendam
668 3728 834 3782 doctrinam
853 3731 884 3781 et
906 3741 1020 3781 errores
1045 3740 1198 3780 russorum
1224 3727 1255 3778 in

182 3823 316 3872 tractatu
336 3815 372 3871 de
391 3819 499 3885 gratia.

297 3906 512 3970 ¹)‘anauncuili
533 3921 577 3975 op.
597 3921 621 3960 e.
641 3906 677 3973 Il,
697 3923 753 3960 eru.
773 3909 798 3974 9,
818 3923 837 3975 p
867 3907 1020 3973 108-1143
1035 3904 1253 3972 —Cunenecrpn

177 4016 229 4071 op.
249 4016 273 4054 c.
296 3997 349 4062 ΙΙΙ,
370 4001 385 4061 ἕ
403 3998 446 4063 68,
466 4013 492 4066 p.
512 3999 578 4064 4163
598 4006 628 4050 et
647 3998 707 4050 alii.
