2872 4666
692 280 912 346 ,82-

264 498 394 559 natura
412 495 541 559 homini
560 496 719 559 ostendat
736 499 771 560 et
785 513 827 560 ea
845 512 953 577 quam
973 494 1157 578 Scriptura
1176 515 1278 562 sacra
1357 492 1386 554 et

265 602 418 667 Traditio
441 601 648 683 promittat?
683 602 849 666 eademne
881 602 927 666 sit
948 602 1126 668 beatitudo
1159 607 1195 668 et
1226 615 1388 686 quum

265 710 365 773 homo
388 710 425 773 vi
449 726 492 773 ac
515 709 591 772 iure
614 714 763 773 naturae
785 708 905 792 exigat
926 727 1088 792 quaeque
1105 711 1137 775 ei
1156 711 1389 786 debeatur,

264 824 300 881 et
326 833 431 899 quam
466 816 561 880 Deus
596 834 642 880 ex
674 833 739 879 sua
770 817 925 881 bonitate
956 816 1086 880 homini
1116 812 1403 883 revelavejit.

265 924 377 1007 sitque
400 922 618 1005 largiturus?
650 922 742 987 Num
765 923 878 987 altera
902 923 1081 988 beatitudo
1103 943 1187 988 cum
1210 926 1391 1000 alteca,

265 1036 304 1094 ut
326 1033 375 1095 ita
398 1030 523 1113 dicam,
556 1029 836 1095 convertuntur?
868 1048 983 1095 nonne
1004 1031 1118 1112 potius
1149 1033 1266 1098 altera
1288 1029 1393 1094 ab

264 1139 377 1202 altera
400 1137 566 1202 differunt
597 1143 632 1202 et
663 1138 802 1219 quidem
825 1137 986 1203 infinite?
1030 1137 1086 1201 Ad
1117 1157 1211 1221 quae
1244 1134 1395 1204 ruffin

265 1264 333 1310 non
360 1244 553 1328 attendunt,
586 1245 645 1309 sed
677 1244 847 1309 rationem
880 1262 961 1308 oum
994 1246 1209 1312 revelatione
1243 1261 1396 1312 cotri-

265 1353 412 1418 miscent
434 1352 731 1434 confunduntque3
764 1370 832 1434 quo
854 1352 904 1432 lit,
934 1356 1115 1417 uteorum
1138 1350 1399 1437 syllogismi

263 1465 414 1543 quatuor
436 1460 600 1524 terminos
623 1459 840 1523 contineant:

373 1569 402 1646 1)
423 1566 505 1648 Ipsa
529 1570 656 1629 natura
688 1565 870 1629 rationalis
902 1566 1052 1630 ostendit
1083 1567 1248 1631 ultimum
1274 1568 1400 1632 lno-

265 1673 366 1738 minis
388 1673 495 1737 finem
518 1689 593 1737 esse
625 1677 944 1754 supraterrestrem,
975 1691 1051 1737 esse
1083 1672 1207 1754 Deum,
1242 1692 1289 1739 un
1363 1674 1401 1736 io-

263 1799 342 1847 nem
366 1798 448 1844 cum
472 1780 553 1859 Deo,
577 1779 689 1843 vitam
711 1784 891 1845 aeternam
914 1796 960 1843 ao
981 1780 1243 1846 beatitudinem.
1267 1778 1401 1847 s-ed

264 1887 446 1970 Scriptura
469 1905 494 1951 s.
519 1892 553 1950 et
576 1887 727 1951 Traditio
751 1886 876 1952 docent
897 1888 1055 1950 futurum
1078 1905 1162 1968 esse,
1187 1892 1227 1951 ut
1245 1889 1403 1952 lla-„ec

263 1994 501 2060 vitaaeterna
520 1999 555 2059 et
576 1993 753 2058 beatitudo
776 1993 866 2058 inter
888 1996 1007 2058 cetera
1030 1993 1164 2059 visione
1195 2007 1405 2079 quoq-,ue

263 2102 328 2166 Dei
352 2105 493 2165 constet.
516 2100 635 2182 Ergo...

369 2210 400 2286 2)
422 2207 503 2288 Ipsa
539 2210 668 2271 natura
705 2208 807 2272 homo
843 2207 952 2272 tendit
988 2209 1033 2272 ad
1070 2207 1186 2274 Deum
1217 2219 1405 2292 neq-jue

261 2316 409 2400 quiescit
431 2315 498 2378 uisi
520 2316 555 2378 in
579 2315 704 2379 unione
722 2333 804 2378 cum
818 2315 900 2380 Deo.
925 2315 1031 2398 Atqui
1045 2315 1217 2381 revelatio
1231 2310 1409 2381 dolfflet

262 2427 355 2490 hanc
380 2423 538 2488 unionem
563 2423 793 2487 constituram
816 2441 891 2488 esse
914 2423 1048 2488 visione
1076 2423 1141 2488 Dei
1168 2424 1261 2490 facie
1368 2409 1409 2474 ld

260 2532 397 2596 faciem.
420 2531 538 2612 Ergo...

368 2639 398 2702 2.
420 2635 536 2716 Quam
559 2638 795 2701 confusionem
817 2636 853 2699 in
877 2638 1154 2720 argumentando
1172 2628 1415 2722 sequiffiur

260 2745 415 2811 confusio
439 2745 546 2826 ipsius
569 2743 761 2825 doctrinae;
790 2743 825 2806 in
858 2762 929 2826 qua
962 2746 1030 2808 duo
1061 2744 1159 2809 nobis
1183 2747 1416 2830 perpffss·

260 2852 374 2918 denda
389 2850 548 2916 veniunt:
567 2854 641 2914 tum
655 2850 864 2932 principium
884 2869 952 2933 quo
970 2851 1062 2915 russi
1074 2850 1111 2914 in
1126 2836 1420 2919 deduoewd⁰

261 2959 382 3024 ultimo
424 2957 571 3021 hominis
611 2957 682 3022 fine
723 2957 890 3040 nituntur,
931 2960 1007 3022 tum
1043 2957 1116 3040 ipse
1149 2960 1232 3024 finis
1267 2939 1422 3044 (plui

260 3065 443 3131 deducitur
466 3065 608 3146 eiusque
630 3064 676 3127 ad
699 3066 864 3128 naturam
888 3065 1034 3130 hominis
1057 3065 1207 3131 habitus.

366 3169 467 3250 Quod
481 3171 690 3253 principium
709 3171 842 3252 attinet,
860 3172 946 3236 illud
961 3173 1133 3237 sententia
1147 3170 1422 3239 russorltlffl

259 3283 312 3345 est
335 3279 411 3360 ipsa
444 3277 557 3359 imago
590 3278 663 3358 Dei,
695 3296 785 3361 quae
817 3278 947 3342 homini
979 3278 1148 3360 impressa
1171 3283 1233 3364 est,
1265 3276 1420 3345 εέθῦ

260 3387 335 3468 ipsa
359 3385 539 3450 rationalis
570 3389 708 3451 natura.
749 3386 891 3467 Etenim,
924 3390 963 3449 ut
994 3387 1156 3469 vidimus,
1188 3386 1414 3452 tantis-stm

258 3493 367 3573 abest,
391 3496 429 3554 ut
450 3493 542 3557 russi
565 3493 725 3556 ultimum
747 3493 862 3573 finem,
886 3493 931 3556 ad
955 3510 1058 3576 quem
1082 3492 1183 3557 homo
1205 3495 1242 3557 in
1260 3491 1409 3558 h10⁰

259 3615 377 3663 rerum
401 3599 519 3663 ordine
538 3602 686 3663 vocatus
704 3604 765 3679 est
789 3617 895 3681 supra
914 3603 949 3664 et
967 3603 1070 3664 extra
1088 3599 1162 3664 eius
1177 3599 1401 3664 natur‘sle

259 3705 428 3768 ambitum
452 3709 486 3768 et
508 3706 718 3787 exigentiam
743 3710 883 3788 ponant,
908 3711 945 3770 ut
968 3712 1091 3771 contra
1114 3725 1161 3772 ex
1179 3690 1391 3772 homifflis

259 3816 387 3874 natura
410 3815 516 3894 atque
539 3813 766 3876 facultatibus
785 3818 950 3877 naturam
969 3831 1105 3896 quoque
1124 3814 1227 3878 huius
1245 3797 1381 3878 figas
