<?xml version="1.0" encoding="UTF-8"?>
<!DOCTYPE html PUBLIC "-//W3C//DTD XHTML 1.0 Transitional//EN"
    "http://www.w3.org/TR/xhtml1/DTD/xhtml1-transitional.dtd">
<html xmlns="http://www.w3.org/1999/xhtml" xml:lang="en" lang="en">
 <head>
  <title>
</title>
<meta http-equiv="Content-Type" content="text/html;charset=utf-8" />
  <meta name='ocr-system' content='tesseract 3.04.00' />
  <meta name='ocr-capabilities' content='ocr_page ocr_carea ocr_par ocr_line ocrx_word'/>
</head>
<body>
  <div class='ocr_page' id='page_1' title='image "./doctrinarussoru00matgoog_0079.png"; bbox 0 0 2872 4666; ppageno 0'>
   <div class='ocr_carea' id='block_1_1' title="bbox 640 294 860 359">
    <p class='ocr_par' dir='ltr' id='par_1_1' title="bbox 640 294 860 359">
     <span class='ocr_line' id='line_1_1' title="bbox 640 294 860 359; baseline 0 -20"><span class='ocrx_word' id='word_1_1' title='bbox 640 294 860 359; x_wconf 66' lang='lat'>„68-</span> 
     </span>
    </p>
   </div>
   <div class='ocr_carea' id='block_1_2' title="bbox 215 500 1418 595">
    <p class='ocr_par' dir='ltr' id='par_1_2' title="bbox 215 500 1418 595">
     <span class='ocr_line' id='line_1_2' title="bbox 215 500 1418 595; baseline -0.018 -25"><span class='ocrx_word' id='word_1_2' title='bbox 215 513 307 595; x_wconf 77' lang='grc' dir='ltr'>σοφὸς</span> <span class='ocrx_word' id='word_1_3' title='bbox 330 500 538 594; x_wconf 50' lang='lat' dir='ltr'>&amp;solaciolum</span> <span class='ocrx_word' id='word_1_4' title='bbox 571 513 688 594; x_wconf 71' lang='grc' dir='ltr'>ὁρᾶται,</span> <span class='ocrx_word' id='word_1_5' title='bbox 722 509 825 569; x_wconf 54' lang='lat' dir='ltr'>alita</span> <span class='ocrx_word' id='word_1_6' title='bbox 857 510 988 593; x_wconf 75' lang='grc' dir='ltr'>πρώτων</span> <span class='ocrx_word' id='word_1_7' title='bbox 1019 512 1109 581; x_wconf 63' lang='grc' dir='ltr'>εὐθὺς</span> <span class='ocrx_word' id='word_1_8' title='bbox 1137 518 1202 570; x_wconf 66' lang='grc' dir='ltr'>τῶν</span> <span class='ocrx_word' id='word_1_9' title='bbox 1230 517 1284 595; x_wconf 50' lang='grc' dir='ltr'>τῆς</span> <span class='ocrx_word' id='word_1_10' title='bbox 1298 534 1352 582; x_wconf 60' lang='grc' dir='ltr'>ἒ</span> <span class='ocrx_word' id='word_1_11' title='bbox 1379 519 1418 594; x_wconf 49' lang='grc' dir='ltr'>ἐς</span> 
     </span>
    </p>
   </div>
   <div class='ocr_carea' id='block_1_3' title="bbox 212 614 1425 2715">
    <p class='ocr_par' dir='ltr' id='par_1_3' title="bbox 213 614 1042 702">
     <span class='ocr_line' id='line_1_3' title="bbox 213 614 1042 702; baseline -0.002 -24"><span class='ocrx_word' id='word_1_12' title='bbox 213 616 354 702; x_wconf 65' lang='grc' dir='ltr'>γενέσεως</span> <span class='ocrx_word' id='word_1_13' title='bbox 376 617 492 701; x_wconf 73' lang='grc' dir='ltr'>χρόνων</span> <span class='ocrx_word' id='word_1_14' title='bbox 515 614 628 687; x_wconf 74' lang='grc' dir='ltr'>τέλειος</span> <span class='ocrx_word' id='word_1_15' title='bbox 651 617 681 675; x_wconf 82' lang='grc' dir='ltr'>ἐν</span> <span class='ocrx_word' id='word_1_16' title='bbox 705 614 815 676; x_wconf 63' lang='lat' dir='ltr'>minimi</span> <span class='ocrx_word' id='word_1_17' title='bbox 839 615 997 699; x_wconf 71' lang='grc' dir='ltr'><strong>φαίνεται»</strong></span> <span class='ocrx_word' id='word_1_18' title='bbox 1013 614 1042 694; x_wconf 78' lang='lat'>¹)·</span> 
     </span>
    </p>

    <p class='ocr_par' dir='ltr' id='par_1_4' title="bbox 214 721 1422 1017">
     <span class='ocr_line' id='line_1_4' title="bbox 324 721 1422 805; baseline -0.004 -19"><span class='ocrx_word' id='word_1_19' title='bbox 324 722 398 786; x_wconf 91' lang='lat' dir='ltr'>Non</span> <span class='ocrx_word' id='word_1_20' title='bbox 432 740 613 804; x_wconf 88' lang='lat' dir='ltr'>possumus</span> <span class='ocrx_word' id='word_1_21' title='bbox 637 722 752 805; x_wconf 89' lang='lat' dir='ltr'>etiam,</span> <span class='ocrx_word' id='word_1_22' title='bbox 783 721 867 805; x_wconf 91' lang='lat' dir='ltr'>quin</span> <span class='ocrx_word' id='word_1_23' title='bbox 896 722 964 786; x_wconf 88' lang='lat' dir='ltr'>hac</span> <span class='ocrx_word' id='word_1_24' title='bbox 997 723 1033 785; x_wconf 91' lang='lat' dir='ltr'>in</span> <span class='ocrx_word' id='word_1_25' title='bbox 1067 741 1105 787; x_wconf 90' lang='lat' dir='ltr'>re</span> <span class='ocrx_word' id='word_1_26' title='bbox 1137 723 1422 788; x_wconf 63' lang='lat' dir='ltr'>lectores-eas</span> 
     </span>
     <span class='ocr_line' id='line_1_5' title="bbox 214 828 1422 911; baseline -0.003 -18"><span class='ocrx_word' id='word_1_27' title='bbox 214 830 260 894; x_wconf 89' lang='lat' dir='ltr'>ad</span> <span class='ocrx_word' id='word_1_28' title='bbox 289 848 314 895; x_wconf 92' lang='lat' dir='ltr'>s.</span> <span class='ocrx_word' id='word_1_29' title='bbox 343 830 441 894; x_wconf 87' lang='lat' dir='ltr'>loa-n.</span> <span class='ocrx_word' id='word_1_30' title='bbox 469 828 596 911; x_wconf 78' lang='lat' dir='ltr'>Chrya.</span> <span class='ocrx_word' id='word_1_31' title='bbox 631 830 849 894; x_wconf 77' lang='lat' dir='ltr'><strong>remittamus</strong></span> <span class='ocrx_word' id='word_1_32' title='bbox 882 829 1097 911; x_wconf 89' lang='lat' dir='ltr'>potissimum</span> <span class='ocrx_word' id='word_1_33' title='bbox 1131 829 1178 894; x_wconf 91' lang='lat' dir='ltr'>ad</span> <span class='ocrx_word' id='word_1_34' title='bbox 1211 831 1422 895; x_wconf 68' lang='lat' dir='ltr'>eiusens</span> 
     </span>
     <span class='ocr_line' id='line_1_6' title="bbox 214 935 997 1017; baseline -0.001 -15"><span class='ocrx_word' id='word_1_35' title='bbox 214 937 329 1002; x_wconf 86' lang='lat' dir='ltr'>homil.</span> <span class='ocrx_word' id='word_1_36' title='bbox 355 939 396 1001; x_wconf 92' lang='grc'>14</span> <span class='ocrx_word' id='word_1_37' title='bbox 420 946 455 1001; x_wconf 91' lang='lat' dir='ltr'>et</span> <span class='ocrx_word' id='word_1_38' title='bbox 480 937 521 1001; x_wconf 89' lang='grc'>16</span> <span class='ocrx_word' id='word_1_39' title='bbox 545 938 580 1000; x_wconf 90' lang='lat' dir='ltr'>in</span> <span class='ocrx_word' id='word_1_40' title='bbox 608 940 622 1000; x_wconf 92' lang='grc'>1</span> <span class='ocrx_word' id='word_1_41' title='bbox 649 955 724 1017; x_wconf 87' lang='lat' dir='ltr'>cap.</span> <span class='ocrx_word' id='word_1_42' title='bbox 749 935 930 1003; x_wconf 79' lang='lat' dir='ltr'>Geneseos.</span> <span class='ocrx_word' id='word_1_43' title='bbox 993 964 997 979; x_wconf 66' lang='lat'><strong><em>¹</em></strong></span> 
     </span>
    </p>

    <p class='ocr_par' dir='ltr' id='par_1_5' title="bbox 213 1044 1425 1537">
     <span class='ocr_line' id='line_1_7' title="bbox 323 1044 1424 1126; baseline -0.003 -18"><span class='ocrx_word' id='word_1_44' title='bbox 323 1045 437 1126; x_wconf 81' lang='lat' dir='ltr'><strong>Atque</strong></span> <span class='ocrx_word' id='word_1_45' title='bbox 462 1045 525 1107; x_wconf 91' lang='lat' dir='ltr'>sub</span> <span class='ocrx_word' id='word_1_46' title='bbox 558 1045 623 1108; x_wconf 91' lang='lat' dir='ltr'>hcc</span> <span class='ocrx_word' id='word_1_47' title='bbox 647 1048 808 1124; x_wconf 87' lang='lat' dir='ltr'>respectu</span> <span class='ocrx_word' id='word_1_48' title='bbox 832 1044 945 1108; x_wconf 89' lang='lat' dir='ltr'>Adam</span> <span class='ocrx_word' id='word_1_49' title='bbox 970 1045 1104 1111; x_wconf 89' lang='lat' dir='ltr'>ratione</span> <span class='ocrx_word' id='word_1_50' title='bbox 1128 1045 1319 1109; x_wconf 85' lang='lat' dir='ltr'>similitu-</span> <span class='ocrx_word' id='word_1_51' title='bbox 1332 1057 1424 1105; x_wconf 70' lang='lat' dir='ltr'>nr·</span> 
     </span>
     <span class='ocr_line' id='line_1_8' title="bbox 213 1144 1425 1233; baseline -0.006 -17"><span class='ocrx_word' id='word_1_52' title='bbox 213 1152 303 1217; x_wconf 89' lang='lat' dir='ltr'>dinis</span> <span class='ocrx_word' id='word_1_53' title='bbox 327 1152 444 1216; x_wconf 82' lang='lat' dir='ltr'>differt</span> <span class='ocrx_word' id='word_1_54' title='bbox 466 1169 489 1214; x_wconf 90' lang='lat' dir='ltr'>a</span> <span class='ocrx_word' id='word_1_55' title='bbox 512 1151 619 1215; x_wconf 90' lang='lat' dir='ltr'>nobis.</span> <span class='ocrx_word' id='word_1_56' title='bbox 656 1149 755 1230; x_wconf 82' lang='lat' dir='ltr'>Quae</span> <span class='ocrx_word' id='word_1_57' title='bbox 788 1151 845 1215; x_wconf 91' lang='lat' dir='ltr'>ubi</span> <span class='ocrx_word' id='word_1_58' title='bbox 879 1169 960 1215; x_wconf 88' lang='lat' dir='ltr'>cum</span> <span class='ocrx_word' id='word_1_59' title='bbox 992 1170 1036 1216; x_wconf 90' lang='lat' dir='ltr'>ss.</span> <span class='ocrx_word' id='word_1_60' title='bbox 1060 1151 1223 1233; x_wconf 90' lang='lat' dir='ltr'>patribus</span> <span class='ocrx_word' id='word_1_61' title='bbox 1245 1153 1345 1216; x_wconf 65' lang='lat' dir='ltr'>dee</span> <span class='ocrx_word' id='word_1_62' title='bbox 1354 1144 1425 1209; x_wconf 76' lang='lat' dir='ltr'>Ile</span> 
     </span>
     <span class='ocr_line' id='line_1_9' title="bbox 215 1258 1423 1339; baseline -0.005 -16"><span class='ocrx_word' id='word_1_63' title='bbox 215 1259 329 1323; x_wconf 89' lang='lat' dir='ltr'>Adam</span> <span class='ocrx_word' id='word_1_64' title='bbox 366 1258 594 1338; x_wconf 80' lang='lat' dir='ltr'>affirmamus,</span> <span class='ocrx_word' id='word_1_65' title='bbox 634 1258 775 1323; x_wconf 89' lang='lat' dir='ltr'>minime</span> <span class='ocrx_word' id='word_1_66' title='bbox 807 1276 944 1323; x_wconf 88' lang='lat' dir='ltr'>omnem</span> <span class='ocrx_word' id='word_1_67' title='bbox 981 1258 1055 1322; x_wconf 89' lang='lat' dir='ltr'>eius</span> <span class='ocrx_word' id='word_1_68' title='bbox 1088 1260 1423 1339; x_wconf 74' lang='lat' dir='ltr'>profectumtnn</span> 
     </span>
     <span class='ocr_line' id='line_1_10' title="bbox 213 1364 1422 1449; baseline -0.003 -19"><span class='ocrx_word' id='word_1_69' title='bbox 213 1365 402 1431; x_wconf 79' lang='lat' dir='ltr'>excludere</span> <span class='ocrx_word' id='word_1_70' title='bbox 431 1364 593 1428; x_wconf 88' lang='lat' dir='ltr'>volumus</span> <span class='ocrx_word' id='word_1_71' title='bbox 622 1365 697 1430; x_wconf 90' lang='lat' dir='ltr'>sive</span> <span class='ocrx_word' id='word_1_72' title='bbox 729 1364 934 1430; x_wconf 90' lang='lat' dir='ltr'>inscientia</span> <span class='ocrx_word' id='word_1_73' title='bbox 966 1364 1043 1429; x_wconf 86' lang='lat' dir='ltr'>sive</span> <span class='ocrx_word' id='word_1_74' title='bbox 1075 1365 1110 1428; x_wconf 92' lang='lat' dir='ltr'>in</span> <span class='ocrx_word' id='word_1_75' title='bbox 1145 1364 1422 1449; x_wconf 48' lang='lat' dir='ltr'>virtutegeia</span> 
     </span>
     <span class='ocr_line' id='line_1_11' title="bbox 216 1472 788 1537; baseline 0.002 -2"><span class='ocrx_word' id='word_1_76' title='bbox 216 1475 254 1535; x_wconf 91' lang='lat' dir='ltr'>ut</span> <span class='ocrx_word' id='word_1_77' title='bbox 277 1472 365 1536; x_wconf 76' lang='lat' dir='ltr'>falso</span> <span class='ocrx_word' id='word_1_78' title='bbox 389 1474 486 1536; x_wconf 88' lang='lat' dir='ltr'>nobis</span> <span class='ocrx_word' id='word_1_79' title='bbox 510 1473 601 1536; x_wconf 90' lang='lat' dir='ltr'>russi</span> <span class='ocrx_word' id='word_1_80' title='bbox 625 1473 788 1537; x_wconf 90' lang='lat' dir='ltr'>obiciunt.</span> 
     </span>
    </p>

    <p class='ocr_par' dir='ltr' id='par_1_6' title="bbox 212 1578 1409 2715">
     <span class='ocr_line' id='line_1_12' title="bbox 322 1578 1409 1664; baseline -0.004 -19"><span class='ocrx_word' id='word_1_81' title='bbox 322 1578 568 1645; x_wconf 83' lang='lat' dir='ltr'>Concludimus</span> <span class='ocrx_word' id='word_1_82' title='bbox 602 1580 719 1644; x_wconf 88' lang='lat' dir='ltr'>verbis</span> <span class='ocrx_word' id='word_1_83' title='bbox 744 1598 769 1645; x_wconf 87' lang='lat' dir='ltr'>s.</span> <span class='ocrx_word' id='word_1_84' title='bbox 793 1580 892 1644; x_wconf 88' lang='lat' dir='ltr'>Pauli</span> <span class='ocrx_word' id='word_1_85' title='bbox 917 1580 1082 1661; x_wconf 90' lang='lat' dir='ltr'>Apostoli,</span> <span class='ocrx_word' id='word_1_86' title='bbox 1114 1581 1162 1644; x_wconf 91' lang='lat' dir='ltr'>ad</span> <span class='ocrx_word' id='word_1_87' title='bbox 1195 1595 1352 1664; x_wconf 64' lang='lat' dir='ltr'>qua&amp;</span> <span class='ocrx_word' id='word_1_88' title='bbox 1369 1593 1409 1641; x_wconf 59' lang='lat' dir='ltr'>oo</span> 
     </span>
     <span class='ocr_line' id='line_1_13' title="bbox 212 1675 1397 1771; baseline -0.003 -20"><span class='ocrx_word' id='word_1_89' title='bbox 212 1691 248 1751; x_wconf 92' lang='lat' dir='ltr'>et</span> <span class='ocrx_word' id='word_1_90' title='bbox 290 1687 474 1752; x_wconf 86' lang='lat' dir='ltr'>Philaretis</span> <span class='ocrx_word' id='word_1_91' title='bbox 510 1685 760 1764; x_wconf 82' lang='lat' dir='ltr'>Catechismus,</span> <span class='ocrx_word' id='word_1_92' title='bbox 792 1705 874 1751; x_wconf 88' lang='lat' dir='ltr'>cum</span> <span class='ocrx_word' id='word_1_93' title='bbox 911 1687 1098 1771; x_wconf 81' lang='lat' dir='ltr'>imaginem</span> <span class='ocrx_word' id='word_1_94' title='bbox 1136 1675 1397 1753; x_wconf 58' lang='lat' dir='ltr'>hominiss&#39;c</span> 
     </span>
     <span class='ocr_line' id='line_1_14' title="bbox 214 1793 1379 1877; baseline 0.003 -22"><span class='ocrx_word' id='word_1_95' title='bbox 214 1793 400 1876; x_wconf 81' lang='lat' dir='ltr'>depingere</span> <span class='ocrx_word' id='word_1_96' title='bbox 424 1794 511 1874; x_wconf 83' lang='lat' dir='ltr'>vuit,</span> <span class='ocrx_word' id='word_1_97' title='bbox 535 1802 568 1857; x_wconf 92' lang='lat' dir='ltr'>et</span> <span class='ocrx_word' id='word_1_98' title='bbox 592 1794 735 1858; x_wconf 90' lang='lat' dir='ltr'>nonnuli</span> <span class='ocrx_word' id='word_1_99' title='bbox 758 1793 915 1877; x_wconf 83' lang='lat' dir='ltr'>theologi,</span> <span class='ocrx_word' id='word_1_100' title='bbox 948 1811 1030 1857; x_wconf 88' lang='lat' dir='ltr'>cum</span> <span class='ocrx_word' id='word_1_101' title='bbox 1063 1793 1105 1858; x_wconf 92' lang='lat' dir='ltr'>de</span> <span class='ocrx_word' id='word_1_102' title='bbox 1129 1794 1313 1859; x_wconf 80' lang='lat' dir='ltr'>similitu-</span> <span class='ocrx_word' id='word_1_103' title='bbox 1372 1820 1379 1832; x_wconf 85' lang='lat'><strong>·</strong></span> 
     </span>
     <span class='ocr_line' id='line_1_15' title="bbox 213 1900 1360 1984; baseline 0.003 -21"><span class='ocrx_word' id='word_1_104' title='bbox 213 1901 303 1965; x_wconf 90' lang='lat' dir='ltr'>dinis</span> <span class='ocrx_word' id='word_1_105' title='bbox 336 1904 464 1964; x_wconf 89' lang='lat' dir='ltr'>natura</span> <span class='ocrx_word' id='word_1_106' title='bbox 496 1907 614 1984; x_wconf 82' lang='lat' dir='ltr'>agunt,</span> <span class='ocrx_word' id='word_1_107' title='bbox 648 1905 853 1983; x_wconf 88' lang='lat' dir='ltr'>provocant:</span> <span class='ocrx_word' id='word_1_108' title='bbox 891 1900 955 1964; x_wconf 81' lang='lat' dir='ltr'>«Et</span> <span class='ocrx_word' id='word_1_109' title='bbox 987 1901 1120 1966; x_wconf 87' lang='lat' dir='ltr'>induite</span> <span class='ocrx_word' id='word_1_110' title='bbox 1155 1912 1360 1966; x_wconf 60' lang='lat' dir='ltr'>novun&#39;</span> 
     </span>
     <span class='ocr_line' id='line_1_16' title="bbox 214 2007 1319 2090; baseline 0.004 -20"><span class='ocrx_word' id='word_1_111' title='bbox 214 2007 395 2088; x_wconf 89' lang='lat' dir='ltr'>hominem,</span> <span class='ocrx_word' id='word_1_112' title='bbox 419 2009 478 2090; x_wconf 90' lang='lat' dir='ltr'>qui</span> <span class='ocrx_word' id='word_1_113' title='bbox 503 2008 694 2072; x_wconf 89' lang='lat' dir='ltr'>secundum</span> <span class='ocrx_word' id='word_1_114' title='bbox 719 2007 832 2073; x_wconf 90' lang='lat' dir='ltr'>Deum</span> <span class='ocrx_word' id='word_1_115' title='bbox 856 2012 997 2073; x_wconf 88' lang='lat' dir='ltr'>creatus</span> <span class='ocrx_word' id='word_1_116' title='bbox 1021 2013 1074 2072; x_wconf 90' lang='lat' dir='ltr'>est</span> <span class='ocrx_word' id='word_1_117' title='bbox 1097 2009 1134 2071; x_wconf 91' lang='lat' dir='ltr'>in</span> <span class='ocrx_word' id='word_1_118' title='bbox 1155 2008 1319 2074; x_wconf 64' lang='lat' dir='ltr'>iustitia!</span> 
     </span>
     <span class='ocr_line' id='line_1_17' title="bbox 213 2115 1295 2199; baseline 0.004 -21"><span class='ocrx_word' id='word_1_119' title='bbox 213 2118 248 2178; x_wconf 89' lang='lat' dir='ltr'>et</span> <span class='ocrx_word' id='word_1_120' title='bbox 271 2116 458 2180; x_wconf 79' lang='lat' dir='ltr'>sanctitate</span> <span class='ocrx_word' id='word_1_121' title='bbox 482 2116 621 2180; x_wconf 88' lang='lat' dir='ltr'>veritis»</span> <span class='ocrx_word' id='word_1_122' title='bbox 649 2116 743 2197; x_wconf 83' lang='lat' dir='ltr'><strong>(Eph.</strong></span> <span class='ocrx_word' id='word_1_123' title='bbox 766 2118 797 2199; x_wconf 86' lang='lat'>4,</span> <span class='ocrx_word' id='word_1_124' title='bbox 820 2117 881 2194; x_wconf 83' lang='grc'>24).</span> <span class='ocrx_word' id='word_1_125' title='bbox 906 2115 959 2180; x_wconf 84' lang='lat' dir='ltr'>En</span> <span class='ocrx_word' id='word_1_126' title='bbox 983 2115 1173 2181; x_wconf 79' lang='lat' dir='ltr'>discrimen</span> <span class='ocrx_word' id='word_1_127' title='bbox 1199 2117 1295 2182; x_wconf 88' lang='lat' dir='ltr'>inter</span> 
     </span>
     <span class='ocr_line' id='line_1_18' title="bbox 213 2221 1294 2305; baseline 0.005 -20"><span class='ocrx_word' id='word_1_128' title='bbox 213 2228 369 2286; x_wconf 90' lang='lat' dir='ltr'>nostram</span> <span class='ocrx_word' id='word_1_129' title='bbox 403 2224 631 2288; x_wconf 91' lang='lat' dir='ltr'>conditionem</span> <span class='ocrx_word' id='word_1_130' title='bbox 663 2228 698 2287; x_wconf 89' lang='lat' dir='ltr'>et</span> <span class='ocrx_word' id='word_1_131' title='bbox 730 2223 836 2288; x_wconf 87' lang='lat' dir='ltr'>Adae.</span> <span class='ocrx_word' id='word_1_132' title='bbox 883 2221 969 2287; x_wconf 81' lang='lat' dir='ltr'>Cum</span> <span class='ocrx_word' id='word_1_133' title='bbox 1004 2241 1065 2287; x_wconf 88' lang='lat' dir='ltr'>nos</span> <span class='ocrx_word' id='word_1_134' title='bbox 1098 2223 1294 2305; x_wconf 85' lang='lat' dir='ltr'>Apostolus</span> 
     </span>
     <span class='ocr_line' id='line_1_19' title="bbox 213 2329 1287 2413; baseline 0.004 -21"><span class='ocrx_word' id='word_1_135' title='bbox 213 2329 409 2412; x_wconf 87' lang='lat' dir='ltr'>alloquitur,</span> <span class='ocrx_word' id='word_1_136' title='bbox 435 2330 601 2392; x_wconf 84' lang='lat' dir='ltr'>«induite»</span> <span class='ocrx_word' id='word_1_137' title='bbox 629 2330 757 2412; x_wconf 88' lang='lat' dir='ltr'>inquit;</span> <span class='ocrx_word' id='word_1_138' title='bbox 781 2348 862 2393; x_wconf 90' lang='lat' dir='ltr'>cum</span> <span class='ocrx_word' id='word_1_139' title='bbox 882 2330 975 2394; x_wconf 90' lang='lat' dir='ltr'>illius</span> <span class='ocrx_word' id='word_1_140' title='bbox 995 2329 1164 2413; x_wconf 87' lang='lat' dir='ltr'>meminit,</span> <span class='ocrx_word' id='word_1_141' title='bbox 1188 2348 1287 2397; x_wconf 90' lang='lat' dir='ltr'>crea·</span> 
     </span>
     <span class='ocr_line' id='line_1_20' title="bbox 213 2437 1288 2504; baseline 0.005 -6"><span class='ocrx_word' id='word_1_142' title='bbox 213 2441 288 2500; x_wconf 89' lang='lat' dir='ltr'>turn</span> <span class='ocrx_word' id='word_1_143' title='bbox 312 2437 403 2500; x_wconf 89' lang='lat' dir='ltr'>dicit.</span> <span class='ocrx_word' id='word_1_144' title='bbox 429 2437 497 2501; x_wconf 83' lang='lat' dir='ltr'>Nos</span> <span class='ocrx_word' id='word_1_145' title='bbox 520 2437 616 2500; x_wconf 90' lang='lat' dir='ltr'>indui</span> <span class='ocrx_word' id='word_1_146' title='bbox 639 2437 799 2499; x_wconf 90' lang='lat' dir='ltr'>iubemur</span> <span class='ocrx_word' id='word_1_147' title='bbox 827 2437 1013 2501; x_wconf 87' lang='lat' dir='ltr'>«iustitiam</span> <span class='ocrx_word' id='word_1_148' title='bbox 1045 2441 1082 2501; x_wconf 89' lang='lat' dir='ltr'>et</span> <span class='ocrx_word' id='word_1_149' title='bbox 1114 2440 1288 2504; x_wconf 88' lang='lat' dir='ltr'>sanctita-</span> 
     </span>
     <span class='ocr_line' id='line_1_21' title="bbox 213 2543 1292 2624; baseline 0.006 -20"><span class='ocrx_word' id='word_1_150' title='bbox 213 2547 283 2607; x_wconf 89' lang='lat' dir='ltr'>tem</span> <span class='ocrx_word' id='word_1_151' title='bbox 320 2544 514 2624; x_wconf 80' lang='lat' dir='ltr'>veritatis»;</span> <span class='ocrx_word' id='word_1_152' title='bbox 552 2544 609 2607; x_wconf 91' lang='lat' dir='ltr'>ille</span> <span class='ocrx_word' id='word_1_153' title='bbox 646 2548 786 2608; x_wconf 88' lang='lat' dir='ltr'>creatus</span> <span class='ocrx_word' id='word_1_154' title='bbox 823 2543 950 2608; x_wconf 86' lang='lat' dir='ltr'>dicitur</span> <span class='ocrx_word' id='word_1_155' title='bbox 991 2543 1044 2607; x_wconf 86' lang='lat' dir='ltr'>«in</span> <span class='ocrx_word' id='word_1_156' title='bbox 1081 2543 1222 2609; x_wconf 88' lang='lat' dir='ltr'>iustitia</span> <span class='ocrx_word' id='word_1_157' title='bbox 1257 2552 1292 2612; x_wconf 89' lang='lat' dir='ltr'>et</span> 
     </span>
     <span class='ocr_line' id='line_1_22' title="bbox 213 2651 616 2715; baseline 0 -2"><span class='ocrx_word' id='word_1_158' title='bbox 213 2651 400 2715; x_wconf 75' lang='lat' dir='ltr'>sanctitate</span> <span class='ocrx_word' id='word_1_159' title='bbox 424 2653 616 2715; x_wconf 78' lang='lat' dir='ltr'>veritatis».</span> 
     </span>
    </p>
   </div>
   <div class='ocr_carea' id='block_1_4' title="bbox 543 3042 950 3108">
    <p class='ocr_par' dir='ltr' id='par_1_7' title="bbox 543 3042 950 3108">
     <span class='ocr_line' id='line_1_23' title="bbox 543 3042 950 3108; baseline 0.002 -2"><span class='ocrx_word' id='word_1_160' title='bbox 543 3042 874 3108; x_wconf 83' lang='lat' dir='ltr'>ARTICULUS</span> <span class='ocrx_word' id='word_1_161' title='bbox 908 3043 950 3108; x_wconf 92' lang='grc' dir='ltr'>ΙΙ.</span> 
     </span>
    </p>
   </div>
   <div class='ocr_carea' id='block_1_5' title="bbox 310 3234 1185 3293">
    <p class='ocr_par' dir='ltr' id='par_1_8' title="bbox 310 3234 1185 3293">
     <span class='ocr_line' id='line_1_24' title="bbox 310 3234 1185 3293; baseline 0.006 -6"><span class='ocrx_word' id='word_1_162' title='bbox 310 3235 361 3287; x_wconf 85' lang='lat' dir='ltr'>DE</span> <span class='ocrx_word' id='word_1_163' title='bbox 381 3235 470 3288; x_wconf 80' lang='lat' dir='ltr'>FINE</span> <span class='ocrx_word' id='word_1_164' title='bbox 490 3235 599 3289; x_wconf 80' lang='lat' dir='ltr'>PlilMl</span> <span class='ocrx_word' id='word_1_165' title='bbox 619 3235 779 3290; x_wconf 84' lang='lat' dir='ltr'>HOMINIS</span> <span class='ocrx_word' id='word_1_166' title='bbox 799 3235 872 3292; x_wconf 82' lang='lat' dir='ltr'>SEU</span> <span class='ocrx_word' id='word_1_167' title='bbox 891 3234 1185 3293; x_wconf 78' lang='lat' dir='ltr'>DnsTINATIONE.</span> 
     </span>
    </p>
   </div>
   <div class='ocr_carea' id='block_1_6' title="bbox 213 3415 1292 3817">
    <p class='ocr_par' dir='ltr' id='par_1_9' title="bbox 213 3415 1292 3817">
     <span class='ocr_line' id='line_1_25' title="bbox 215 3415 1292 3503; baseline 0.006 -24"><span class='ocrx_word' id='word_1_168' title='bbox 215 3475 216 3479; x_wconf 73' lang='grc'>,</span> <span class='ocrx_word' id='word_1_169' title='bbox 319 3415 344 3478; x_wconf 93' lang='grc' dir='ltr'>Ι.</span> <span class='ocrx_word' id='word_1_170' title='bbox 368 3416 444 3480; x_wconf 86' lang='lat' dir='ltr'>Hoc</span> <span class='ocrx_word' id='word_1_171' title='bbox 468 3417 581 3498; x_wconf 88' lang='lat' dir='ltr'>capite</span> <span class='ocrx_word' id='word_1_172' title='bbox 610 3417 699 3480; x_wconf 88' lang='lat' dir='ltr'>russi</span> <span class='ocrx_word' id='word_1_173' title='bbox 733 3423 842 3500; x_wconf 84' lang='lat' dir='ltr'>agunt</span> <span class='ocrx_word' id='word_1_174' title='bbox 874 3418 916 3482; x_wconf 92' lang='lat' dir='ltr'>de</span> <span class='ocrx_word' id='word_1_175' title='bbox 939 3416 1009 3483; x_wconf 84' lang='lat' dir='ltr'>fine</span> <span class='ocrx_word' id='word_1_176' title='bbox 1033 3418 1184 3483; x_wconf 90' lang='lat' dir='ltr'>hominis</span> <span class='ocrx_word' id='word_1_177' title='bbox 1213 3439 1292 3503; x_wconf 89' lang='lat' dir='ltr'>spe·</span> 
     </span>
     <span class='ocr_line' id='line_1_26' title="bbox 213 3520 1290 3604; baseline 0.011 -22"><span class='ocrx_word' id='word_1_178' title='bbox 213 3520 302 3601; x_wconf 88' lang='lat' dir='ltr'>ciali,</span> <span class='ocrx_word' id='word_1_179' title='bbox 327 3524 371 3586; x_wconf 88' lang='lat' dir='ltr'>ad</span> <span class='ocrx_word' id='word_1_180' title='bbox 394 3542 497 3604; x_wconf 85' lang='lat' dir='ltr'>quern</span> <span class='ocrx_word' id='word_1_181' title='bbox 522 3524 580 3587; x_wconf 92' lang='lat' dir='ltr'>ille</span> <span class='ocrx_word' id='word_1_182' title='bbox 612 3541 697 3604; x_wconf 89' lang='lat' dir='ltr'>prae</span> <span class='ocrx_word' id='word_1_183' title='bbox 720 3525 845 3589; x_wconf 88' lang='lat' dir='ltr'>ceteris</span> <span class='ocrx_word' id='word_1_184' title='bbox 878 3524 1050 3589; x_wconf 77' lang='lat' dir='ltr'>creaturis</span> <span class='ocrx_word' id='word_1_185' title='bbox 1083 3525 1290 3594; x_wconf 88' lang='lat' dir='ltr'>destinatus</span> 
     </span>
     <span class='ocr_line' id='line_1_27' title="bbox 214 3627 1289 3720; baseline 0.012 -32"><span class='ocrx_word' id='word_1_186' title='bbox 214 3633 298 3691; x_wconf 89' lang='lat' dir='ltr'>erat.</span> <span class='ocrx_word' id='word_1_187' title='bbox 343 3627 458 3708; x_wconf 77' lang='lat' dir='ltr'>Quam</span> <span class='ocrx_word' id='word_1_188' title='bbox 492 3631 756 3696; x_wconf 86' lang='lat' dir='ltr'>destinationem</span> <span class='ocrx_word' id='word_1_189' title='bbox 784 3633 914 3712; x_wconf 88' lang='lat' dir='ltr'>passim</span> <span class='ocrx_word' id='word_1_190' title='bbox 946 3632 1129 3713; x_wconf 87' lang='lat' dir='ltr'>appellant</span> <span class='ocrx_word' id='word_1_191' title='bbox 1161 3634 1289 3720; x_wconf 88' lang='lat' dir='ltr'>altam,</span> 
     </span>
     <span class='ocr_line' id='line_1_28' title="bbox 213 3735 745 3817; baseline 0.015 -23"><span class='ocrx_word' id='word_1_192' title='bbox 213 3735 402 3817; x_wconf 88' lang='lat' dir='ltr'>sublimem,</span> <span class='ocrx_word' id='word_1_193' title='bbox 427 3745 745 3817; x_wconf 85' lang='lat' dir='ltr'>supraterrestrem.</span> 
     </span>
    </p>
   </div>
   <div class='ocr_carea' id='block_1_7' title="bbox 322 3966 894 4034">
    <p class='ocr_par' dir='ltr' id='par_1_10' title="bbox 322 3966 894 4034">
     <span class='ocr_line' id='line_1_29' title="bbox 322 3966 894 4034; baseline 0 -15"><span class='ocrx_word' id='word_1_194' title='bbox 322 3967 341 4031; x_wconf 86' lang='lat'>¹)</span> <span class='ocrx_word' id='word_1_195' title='bbox 360 3966 462 4034; x_wconf 76' lang='lat' dir='ltr'>Cyrill.</span> <span class='ocrx_word' id='word_1_196' title='bbox 481 3966 565 4018; x_wconf 77' lang='lat' dir='ltr'>Alex.</span> <span class='ocrx_word' id='word_1_197' title='bbox 587 3967 621 4019; x_wconf 90' lang='lat' dir='ltr'>In</span> <span class='ocrx_word' id='word_1_198' title='bbox 640 3967 725 4020; x_wconf 84' lang='lat' dir='ltr'>Joan.</span> <span class='ocrx_word' id='word_1_199' title='bbox 746 3967 764 4020; x_wconf 92' lang='lat' dir='ltr'>l.</span> <span class='ocrx_word' id='word_1_200' title='bbox 784 3968 805 4034; x_wconf 86' lang='lat' dir='ltr'>I,</span> <span class='ocrx_word' id='word_1_201' title='bbox 826 3984 848 4021; x_wconf 82' lang='lat' dir='ltr'>e.</span> <span class='ocrx_word' id='word_1_202' title='bbox 870 3970 894 4022; x_wconf 83' lang='lat'>9.</span> 
     </span>
    </p>
   </div>
   <div class='ocr_carea' id='block_1_8' title="bbox 0 0 1440 4661">
    <p class='ocr_par' dir='ltr' id='par_1_11' title="bbox 0 0 1440 4661">
     <span class='ocr_line' id='line_1_30' title="bbox 0 0 1440 4661; baseline 0 0"><span class='ocrx_word' id='word_1_203' title='bbox 0 0 1440 4661; x_wconf 95' lang='lat' dir='ltr'> </span> 
     </span>
    </p>
   </div>
  </div>
 </body>
</html>
