2872 4666
568 289 809 353 -131-

174 501 296 582 plicat.
315 501 351 565 Si
366 503 456 566 enim
473 510 698 582 praeceptum
718 520 786 564 non
806 502 850 564 ad
870 503 1102 567 exercendam
1121 505 1248 568 Adami

177 614 213 672 et
236 608 335 672 Evae
359 608 555 672 libertatern
588 626 700 689 neque
731 608 777 671 ad
810 626 867 672 eos
900 609 1094 688 probandos
1127 611 1248 675 datum

181 725 239 797 est,
263 717 309 778 ad
328 716 414 778 nihil
433 718 486 779 est
504 715 633 779 datum.
657 713 723 780 Sed
744 715 772 777 si
793 719 932 796 propter
957 717 1022 780 hoc
1045 717 1131 780 illud
1146 737 1248 798 prac-

182 828 321 903 ceptum
344 830 397 886 est
420 823 541 886 datum
574 825 658 901 (rem
692 840 777 886 vero
809 824 858 885 ita
891 840 928 885 se
952 824 1114 888 habuisse
1137 830 1247 889 osten·

184 928 272 992 ditur
296 930 332 992 in
356 930 534 1010 theologiis
548 929 576 1010 ¹),
599 930 765 1011 sequitur,
786 935 822 992 ut
844 929 954 992 Adam
975 939 1009 994 et
1028 930 1105 995 Eva
1120 933 1249 997 fuerint

184 1036 295 1100 adbuc
320 1037 356 1099 in
379 1046 473 1100 statu
497 1038 714 1101 innocentiae
738 1036 914 1118 infantilis,
952 1037 986 1099 in
1010 1056 1081 1120 qua
1113 1039 1249 1104 firmari

185 1145 355 1224 potuerint
378 1145 451 1207 sola
474 1163 519 1208 ex
543 1145 688 1225 propriis
712 1144 846 1208 viribus
880 1145 1096 1225 provenienti
1128 1149 1248 1211 volun-

186 1253 260 1314 tatis
309 1268 394 1315 suae
439 1253 694 1316 exercitatione.
742 1252 927 1316 Praeterea
970 1252 1082 1316 Biblia
1124 1264 1249 1318 narrat

186 1360 356 1424 Adamum
398 1367 432 1424 et
473 1359 587 1422 Evam
628 1365 709 1423 ante
751 1359 889 1439 lapsum
932 1361 1125 1443 ignorasse,
1166 1362 1249 1444 quid

185 1466 310 1530 bonurn
338 1477 428 1530 esset
460 1471 494 1531 et
525 1466 608 1547 quid
641 1464 781 1530 malum.
828 1463 894 1530 Sed
923 1466 996 1531 sine
1033 1468 1102 1532 hac
1140 1471 1248 1532 scien-

188 1574 233 1637 tia
277 1591 347 1636 non
389 1576 500 1654 potest
541 1573 616 1635 dari
659 1573 849 1660 spiritualis
892 1575 1085 1637 maturitas.
1131 1573 1250 1639 Status

185 1681 287 1762 igitur
321 1680 516 1745 huiusmodi
548 1679 766 1760 ignorantiae
797 1690 943 1744 nonest
975 1681 1041 1743 nisi
1065 1685 1178 1744 status
1202 1669 1251 1744 in-

185 1787 364 1853 nocentiae
404 1786 591 1849 infantilis»
606 1786 636 1864 ²).
680 1786 724 1850 Et
760 1788 828 1850 alio
866 1788 954 1850 loco:
1000 1787 1109 1852 «Illud
1151 1807 1250 1870 prae-

185 1899 333 1976 ceptum,
365 1894 485 1976 inquit,
518 1912 557 1958 eo
590 1895 689 1957 modo
722 1912 765 1958 ac
798 1894 921 1975 spiritu
952 1895 1073 1958 datum
1097 1903 1158 1977 est,
1181 1915 1249 1978 quo

185 2001 378 2082 generatim
415 2001 565 2064 infantes
602 2004 863 2082 praecaventur
904 2003 949 2064 ad
989 2002 1040 2064 his
1082 2003 1140 2067 vel
1182 2002 1250 2065 illis
1293 2020 1297 2026 ·

184 2108 386 2189 actionibus
409 2127 497 2190 quas
520 2108 785 2188 (inconsiderati)
809 2127 870 2189 per
894 2110 1126 2191 ignorantiam
1159 2128 1249 2173 com-

185 2217 320 2280 mittere
345 2215 483 2295 possint.
506 2213 583 2294 Quo
602 2217 637 2278 in
657 2234 743 2278 casu
766 2221 839 2279 tota
863 2233 949 2298 speS,
973 2218 1055 2297 fore,
1091 2222 1128 2279 ut
1152 2235 1248 2298 prae·

185 2328 322 2405 ceptum
347 2323 560 2404 observetur,
584 2324 618 2385 in
642 2323 827 2386 infantium
851 2324 963 2388 indole
982 2325 1094 2400 (corde
1113 2328 1147 2388 et
1166 2326 1250 2387 ima-

186 2432 369 2512 ginatione)
391 2431 596 2503 collocatum
618 2431 784 2512 quocirca
808 2432 956 2511 optimus
980 2432 1105 2512 agendi
1129 2433 1250 2495 modus

185 2539 341 2615 habetur,
374 2556 442 2620 quo
474 2539 624 2601 infantes
657 2538 715 2600 vel
748 2537 923 2601 blanditiis
948 2538 1169 2602 adducantur
1194 2541 1251 2603 vel

185 2647 285 2709 minis
305 2647 442 2708 animus
462 2662 581 2708 eorum
601 2645 786 2708 inclinetur
805 2646 850 2707 ad
870 2645 1110 2708 obediantiam.
1135 2647 1250 2727 Atque

183 2753 378 2816 huiusmodi
392 2761 469 2815 erat
486 2751 581 2831 iilud,
604 2769 672 2833 quo
688 2752 789 2831 primi
809 2763 970 2832 parentes
989 2753 1249 2832 praecaveban-

185 2869 249 2943 tur,
276 2861 340 2925 Dei
365 2865 607 2941 praeceptum»
623 2858 652 2938 ³).

291 2966 392 3047 Quod
416 2968 596 3048 lapsum
620 2967 753 3046 attinet,
780 2966 872 3031 «eius
896 2966 1035 3046 indoleS,
1058 2965 1179 3048 inquit,
1214 2972 1252 3028 ut

183 3078 219 3140 in
244 3096 269 3140 s
294 3073 475 3156 Scriptura
499 3073 714 3155 describitur,
742 3072 976 3138 innocentiam
999 3071 1193 3136 infantilem
1217 3086 1252 3136 et

183 3183 472 3248 immaturitatem
492 3181 589 3246 Evae
613 3181 768 3245 ostendit.
792 3180 875 3245 Eius
894 3181 999 3259 culpa
1018 3197 1136 3244 omnes
1152 3186 1252 3242 notas

184 3299 411 3374 peccatorum
436 3290 596 3363 continet,
620 3307 711 3371 quae
734 3289 810 3352 acri
833 3306 876 3351 ac
901 3288 1019 3352 vivido
1043 3287 1180 3368 ingenio
1203 3287 1252 3350 in-

182 3399 300 3465 fantili
323 3398 583 3477 commituntur;
616 3397 652 3459 in
675 3397 740 3460 hoc
764 3397 862 3459 Evae
890 3395 1014 3458 delicto
1039 3395 1168 3475 primas
1193 3396 1252 3458 ha-

182 3509 336 3572 buerunt
360 3511 489 3586 partes:
513 3507 692 3567 fructuum
716 3512 878 3584 aspectus
902 3510 936 3566 et
958 3507 1090 3584 gustus,
1113 3503 1253 3565 curiosi-

181 3677 399 3689 —-..—-.-

297 3775 315 3838 ¹)
334 3774 368 3826 In
388 3773 497 3841 quibus
517 3778 546 3825 et
566 3773 674 3840 quibus
693 3772 889 3838 argumentis
908 3785 967 3821 non
987 3745 1104 3822 dicitur

297 3866 318 3929 2)
337 3862 479 3926 Catrnon‘s,
508 3878 551 3930 op.
571 3878 594 3914 e.
620 3863 657 3929 Il,
678 3865 692 3923 ξ
711 3862 753 3927 39,
773 3877 800 3929 p.
820 3863 862 3913 51.

295 3952 368 4018 ³)id
389 3952 406 4003 l.
427 3967 450 4003 c.
471 3968 496 4018 p.
518 3953 560 4005 at.
