2872 4666
245 103 287 163 τὰ
310 107 393 165 ἄλλα
416 105 524 189 ἀγαθὰ
546 105 774 190 capulatorum,
806 106 859 167 καί
881 107 979 192 πάσης
1001 107 1177 193 εὐφροσύνης
1203 98 1289 168 εἶναι

245 210 388 297 πλήρω
398 234 421 296 μ
432 235 452 272 α
474 214 493 296 ἤ
517 212 628 274 ἐκείνου
651 213 817 285 ἀπόλαυσις
834 213 918 275 κατὰ
935 218 992 276 τὸν
1011 217 1106 276 αὐτὸν
1125 199 1286 300 *Pautalia

244 321 299 380 τὸν
330 319 462 404 λέγοντα
493 319 556 397 (Ps.
583 324 633 401 16,
669 320 720 398 15)
750 320 1010 407 χορτασθήσομαι
1042 322 1073 383 ἐν
1105 330 1153 406 τῷ
1184 317 1288 407 ὀφθῆναί
1374 347 1414 411 τι·

244 447 297 510 μοι
321 426 378 510 τὴν
401 416 495 498 δόξαν
519 448 590 487 σου»
607 426 636 505 ¹),
1381 492 1388 521 ἶ

353 534 382 598 5.
407 533 455 597 Ut
478 535 600 616 paucis
632 552 722 617 quae
755 535 907 600 diximus
928 529 1216 618 complectamur,
1241 552 1294 600 rus·

241 656 363 703 sorum
395 641 567 706 sententia
601 643 799 706 ultimus
832 642 981 707 hominis
1017 643 1099 707 finis
1136 654 1207 708 est:
1242 647 1302 707 tum
1398 646 1405 656 '

244 746 356 827 gloria
379 746 452 828 Dei,
476 767 567 837 quae
591 753 643 813 est
666 750 746 813 finis
770 749 840 832 qui,
872 755 947 814 tum
972 750 1151 814 beatitudo
1174 755 1307 817 aeterna

244 872 329 917 oum
352 855 485 918 visione
508 854 572 920 Dei
596 857 687 921 facie
709 856 754 920 ad
779 857 915 939 faciem,
947 874 1039 939 quae
1063 860 1118 922 est
1140 858 1224 924 finis
1242 876 1313 941 quo.
1414 941 1416 945 ι

246 962 379 1027 Relatio
405 982 487 1028 vero
511 965 614 1028 huius
632 966 712 1029 finis
731 966 778 1029 ad
792 965 940 1029 hominis
959 967 1127 1029 naturam
1145 969 1201 1031 est
1220 967 1314 1032 haec:
1414 966 1432 988 ‘

244 1070 336 1133 sicut
358 1088 403 1134 ex
424 1089 493 1134 una
513 1078 613 1153 parte
632 1073 707 1153 ipsa
727 1079 856 1136 natura
875 1072 1056 1137 rationalis
1074 1074 1208 1137 homini
1228 1075 1319 1139 hunc
1418 1053 1430 1071 τ’

242 1178 350 1241 finem
375 1183 554 1258 monstrat,
578 1179 669 1243 sicut
692 1180 796 1243 homo
819 1179 979 1243 omnibus
996 1180 1233 1245 facultatibus
1251 1182 1321 1246 suis
1426 1175 1432 1207 ³

244 1284 290 1348 ad
315 1286 409 1349 hunc
432 1286 538 1350 finem
561 1288 681 1366 fertur,
714 1287 763 1350 ita
799 1305 843 1351 ex
876 1287 990 1352 altera
1023 1293 1125 1368 parte
1156 1289 1219 1353 hic
1242 1289 1324 1354 finis
1431 1273 1435 1281 “

240 1393 351 1474 plane
375 1394 620 1475 correspondet
643 1402 678 1459 et
700 1394 981 1476 proportionatus
1009 1398 1063 1459 eat
1085 1399 1243 1461 naturae
1266 1398 1324 1461 ho·

245 1500 346 1563 minis
370 1503 476 1583 atque
499 1502 713 1583 exigentiam
746 1502 795 1567 ita
829 1505 868 1565 ut
899 1502 989 1566 inter
1023 1502 1185 1567 ultimum
1215 1505 1326 1570 finem

242 1608 391 1672 hominis
423 1613 458 1674 et
490 1615 655 1674 naturam
687 1609 935 1674 naturalis
967 1609 1204 1692 quaedam
1229 1629 1326 1693 pro-

243 1717 400 1797 portio
423 1721 458 1780 et
481 1717 708 1785 consonantia
732 1716 949 1781 intercedere
971 1716 1184 1782 affirmetur.

353 1822 446 1887 Finis
470 1842 554 1889 vero
579 1825 757 1906 proximus
780 1842 841 1888 seu
865 1824 1007 1907 medius,
1029 1826 1090 1907 qui
1112 1826 1256 1892 scilicet
1279 1828 1327 1892 ad

244 1931 493 1996 beatitudinem
517 1935 697 1997 aeternam
721 1932 826 2012 ducit,
849 1936 902 1996 est
925 1932 979 1995 sui
1001 1931 1155 1996 evolutio
1177 1952 1228 1999 ac
1247 1952 1325 2017 pro·

244 2056 385 2120 gressus
417 2040 624 2103 dominando
657 2041 831 2104 creaturis
854 2039 972 2122 eisque
998 2039 1134 2103 utendo.
1183 2041 1326 2109 Relatio

243 2149 362 2211 autem
385 2147 476 2212 inter
499 2147 592 2212 hanc
615 2147 849 2211 evolutionem
881 2151 916 2211 et
947 2146 1202 2212 beatitudinem
1232 2152 1326 2217 haec

242 2260 309 2320 est:
334 2252 410 2334 Quo
435 2256 546 2337 magis
568 2256 670 2319 homo
693 2255 873 2320 evolvitur
896 2272 940 2319 ac
963 2254 1110 2336 proficit,
1138 2273 1179 2320 eo
1206 2258 1324 2340 magis

243 2362 317 2427 Deo
341 2363 563 2443 assimilatur,
596 2381 635 2427 eo
668 2363 802 2427 arctius
837 2362 876 2426 Ei
911 2362 1039 2443 unitur,
1072 2380 1112 2428 eo
1136 2365 1256 2446 magis
1280 2366 1324 2431 de

243 2469 326 2533 Eius
359 2469 568 2550 perfectione
602 2469 802 2551 participat3
840 2488 908 2552 quo
945 2473 1063 2535 autem
1100 2471 1216 2552 magis
1246 2472 1324 2539 Deo

243 2577 458 2640 assimilatur
489 2580 524 2642 et
548 2577 674 2660 unitur,
708 2595 748 2641 eo
772 2577 938 2641 maiorem
961 2576 1215 2643 beatitudinem
1239 2598 1323 2645 con-

242 2683 388 2765 seqitur3
417 2685 535 2766 donec,
568 2688 752 2767 postquam
786 2684 836 2748 sio
870 2703 906 2748 se
938 2683 1134 2748 evolvendo
1167 2703 1323 2769 corpore

241 2794 277 2855 et
300 2793 418 2854 anima
443 2792 682 2856 maturitatem
706 2810 807 2856 suam
830 2790 993 2875 attigerit,
1031 2793 1173 2856 tandem
1210 2794 1322 2860 beati·

241 2899 396 2963 tudinem
430 2916 566 2981 quoque
598 2902 780 2964 aeternam
803 2902 1037 2982 consequatur
1061 2916 1244 2965 unacum
1267 2902 1322 2968 vi-

241 3008 336 3071 sione
360 3006 432 3071 Dei.
456 3006 638 3072 Beatitudo
661 3007 767 3091 igitur
791 3008 962 3089 parallela
990 3007 1143 3090 quadam
1164 3012 1201 3074 et
1221 3028 1322 3077 coor·

234 3114 362 3177 dinata
386 3114 518 3179 ratione
542 3116 651 3178 oritur
675 3133 720 3179 ex
738 3115 934 3180 evolutione
957 3132 1104 3197 eamque
1123 3117 1322 3184 comitatur

241 3222 544 3304 consequiturque3
577 3222 682 3287 habet
715 3241 751 3287 se
781 3223 892 3288 veluti
915 3224 1063 3288 effectus
1086 3221 1132 3286 ad
1156 3241 1322 3294 causam.

350 3468 369 3533 ¹)
388 3468 515 3522 Confess.
534 3469 692 3523 Orthodox.
714 3486 739 3538 p.
761 3472 784 3537 1,
805 3487 831 3538 q.
850 3471 912 3524 126:
932 3469 1093 3540 Μεσολωρας.
1112 3470 1277 3541 Συμβολικη.
1297 3476 1322 3544 Ι,

239 3573 267 3624 p.
286 3556 347 3610 436.
