2872 4666
639 347 880 411 -1‘13-

181 532 442 646 indigentiae
464 566 499 628 et
521 561 717 643 exigentiae
744 579 799 626 ex
821 560 1086 642 suppositis
1119 558 1293 623 naturalis

172 669 365 755 quoque
397 671 458 734 illa
491 669 711 734 conservatio
743 686 787 732 ac
820 669 1015 749 cooperatio
1048 667 1210 732 sufficere
1237 684 1293 747 po·

178 766 295 842 tuit
316 796 361 843 ac
394 776 520 855 debuit,
553 793 653 841 secus
685 774 780 839 Deus
812 792 878 840 nec
910 774 1049 855 sapiens
1080 773 1196 854 opifex
1229 790 1294 838 nec

182 871 340 949 lionus
382 883 540 966 provisor
576 882 743 947 dicendus
778 885 878 947 esset.
924 881 1043 964 Neque
1080 880 1165 945 satis
1206 881 1294 945 bene

177 995 386 1074 apparet,
422 991 468 1054 ad
501 989 583 1072 quid
621 989 681 1052 illa
713 989 908 1070 cooperatio
941 987 1140 1053 necessaria
1172 986 1295 1052 fuerit?

231 1099 307 1164 «Ad
339 1099 430 1162 bona
463 1115 577 1179 opera,
610 1096 779 1179 inquiunt,
802 1097 847 1160 ad
876 1097 988 1160 vitam
1011 1112 1096 1161 vere
1119 1095 1295 1175 moralem,

188 1207 271 1271 «ad
296 1205 514 1288 spiritualem
548 1205 750 1285 profectum,
782 1203 828 1267 ad
860 1203 1123 1268 evolutionem».
1169 1200 1235 1266 Sed
1268 1201 1297 1264 si

208 1313 332 1377 Ihomo
355 1330 424 1376 non
447 1315 558 1393 potest
581 1311 720 1394 assequi
741 1310 856 1390 finem,
884 1309 929 1373 ad
952 1328 1056 1392 quem
1079 1314 1208 1374 natura
1232 1327 1296 1373 sua

225 1420 435 1501 destinatur,
457 1419 523 1482 nisi
546 1419 636 1481 bona
655 1434 761 1499 opera
779 1416 981 1498 exercendo,
1001 1434 1076 1481 sese
1095 1415 1297 1496 evolvendo,

228 1528 307 1609 ipsa
331 1543 468 1609 quoque
495 1526 623 1588 natura
655 1529 690 1588 et
721 1524 835 1588 media
868 1524 997 1588 habere
1029 1523 1138 1604 debet,
1171 1522 1297 1606 quibus

228 1635 322 1698 haec
346 1650 460 1714 opera,
483 1633 576 1696 hanc
600 1630 831 1696 evolutionem
856 1630 1026 1712 perficere
1048 1630 1168 1712 possit;
1197 1648 1298 1694 secus

230 1757 380 1804 mancus
403 1740 525 1804 fuisset
556 1744 591 1802 et
613 1738 837 1820 imperfectus
869 1755 935 1802 neo
967 1755 1029 1802 suo
1061 1737 1124 1800 fini
1156 1755 1222 1818 par
1254 1755 1297 1800 ac

231 1847 426 1926 sufficiens3
448 1847 514 1910 hoc
537 1849 663 1924 autem,
688 1847 726 1908 ut
749 1844 813 1926 ipsi
837 1845 928 1909 russi
950 1844 1079 1922 dicunt,
1112 1844 1210 1908 ideae
1234 1843 1298 1908 Dei

231 1954 368 2018 infinite
391 1952 557 2036 sapientis
579 1952 798 2016 adversatur.
822 1951 914 2034 Ergo
940 1959 975 2016 et
998 1951 1080 2019 huic
1103 1951 1299 2034 exigentiae

229 2079 278 2126 ex
292 2060 478 2142 suppositis
491 2059 610 2124 debuit
622 2058 795 2122 naturalis
804 2058 865 2121 illa
875 2057 1094 2140 providentia
1104 2058 1300 2124 subvenire.

341 2167 411 2230 Alii
443 2166 598 2246 theologi,
632 2168 671 2229 ut
708 2164 873 2246 Svietlov,
910 2183 992 2230 cum
1028 2165 1218 2248 quaeritur,
1255 2166 1300 2228 ad

234 2275 316 2357 quid
331 2274 393 2337 illa
412 2273 571 2355 specialis
586 2274 781 2353 cooperatio
800 2272 947 2353 provida
966 2274 1164 2338 necessaria
1178 2271 1303 2337 fuerit?

234 2380 446 2463 respondent
468 2381 568 2445 haec:
600 2380 724 2459 «Finis,
748 2381 793 2443 ad
816 2399 920 2463 quem
944 2381 1044 2444 homo
1068 2387 1217 2445 vocatus
1240 2388 1301 2460 est,

235 2491 287 2552 est
324 2487 493 2551 infinitus:
529 2487 751 2551 «assimilatio
784 2487 917 2552 scilicet
940 2487 1022 2570 Dec,
1054 2488 1220 2569 perfectio
1252 2488 1301 2552 in·

235 2595 350 2659 finita:
378 2597 503 2658 «estote
526 2613 609 2677 ergo
633 2612 696 2658 vos
720 2596 874 2677 perfecti,
900 2595 990 2658 sicut
1008 2598 1043 2659 et
1061 2599 1161 2676 pater
1184 2599 1301 2660 vester

233 2701 395 2767 coelestis
418 2702 593 2782 perfectus
616 2704 686 2766 est»
713 2701 845 2781 (Matth.
868 2702 898 2783 5,
922 2702 988 2782 48);
1026 2703 1086 2765 sed
1109 2703 1210 2766 homo
1232 2721 1302 2765 non

233 2814 285 2875 est
310 2809 378 2873 nisi
401 2808 535 2872 viribus
557 2808 673 2883 finitis,
708 2808 904 2889 imbecillis3
936 2827 1018 2890 ergo
1051 2808 1204 2890 speciale
1237 2808 1302 2874 Dei

232 2915 406 2982 auxilium
439 2915 637 2998 requiritur,
669 2919 708 2979 ut
739 2916 768 2980 is
802 2921 899 2980 tanto
930 2915 992 2980 fini
1020 2934 1085 2998 par
1108 2917 1256 2981 evadat»
1273 2917 1301 2997 ¹).

227 3020 299 3091 Sed
327 3022 480 3104 primum
503 3022 659 3086 infinitus
682 3023 762 3086 finis
786 3023 903 3087 nullus
925 3004 1017 3087 dinis:
1055 3023 1302 3087 «contradictio

219 3137 284 3198 est
298 3128 335 3212 ¹);
368 3129 490 3194 deinde
512 3135 694 3211 repugnat,
719 3135 757 3193 ut
779 3130 916 3194 infinita
940 3131 1104 3211 perfectio
1127 3149 1149 3194 a
1173 3135 1302 3194 natura

218 3237 337 3305 finita
361 3236 548 3319 aliquando
574 3239 698 3320 attingi
722 3238 780 3302 vel
802 3238 832 3303 ei
859 3237 1041 3303 inhaerere
1064 3237 1187 3319 possit;
1210 3237 1301 3302 deni-

207 3363 303 3434 que
326 3344 441 3408 media
465 3345 590 3411 debent
612 3364 687 3410 esse
708 3345 772 3410 fini
794 3346 1061 3427 proportionata,
1093 3362 1138 3409 ac
1161 3345 1303 3425 proinde

346 3557 367 3622 ¹)
387 3554 532 3621 Cnirnoss,
566 3571 611 3624 op.
637 3571 660 3608 c.
688 3555 711 3624 1,
738 3559 753 3618 ς
782 3555 835 3622 323
870 3554 937 3610 Vid.
964 3570 1039 3625 quae
1064 3556 1101 3609 de
1134 3556 1195 3608 fine
1228 3554 1303 3609 dixi-

207 3658 305 3703 Inus
327 3660 420 3714 supra
438 3662 465 3714 p.
485 3645 600 3700 75-77.

346 3736 368 3800 ¹)
386 3732 461 3787 Vide
481 3749 568 3803 supra
587 3750 614 3802 p.
634 3733 669 3788 76
688 3733 755 3787 adn.
774 3733 837 3788 Hoc
855 3749 914 3787 non
935 3734 972 3787 de
991 3735 1053 3787 fine
1071 3734 1103 3787 in
1122 3748 1153 3787 se
1172 3738 1304 3801 spectato

209 3824 380 3890 dicimus3
398 3838 468 3877 nam
487 3822 578 3893 Deus,
596 3828 631 3877 ut
650 3838 752 3892 perse
771 3827 860 3891 patet,
880 3823 1019 3876 infinitus
1038 3827 1096 3890 est3
1116 3821 1166 3876 sed
1185 3821 1221 3875 de
1242 3823 1303 3876 fine

208 3919 267 3970 {rt
288 3912 342 3966 via
361 3917 391 3966 et
409 3911 563 3966 tendentia
581 3917 742 3979 creaturae,
768 3916 803 3965 ut
830 3913 893 3965 cius
920 3912 1101 3980 perfectione
1128 3911 1303 3978 subiectiva,

214 4016 316 4072 ¹<qnae
338 4001 461 4054 infinita
479 4016 620 4055 essenon
639 4006 744 4071 potest.
