2872 4666
397 1498 699 1623 suillis,
733 1495 1032 1594 aaroni.

661 1692 767 1711 -,-

571 1830 851 1898 PROOEMIUM.

180 2085 206 2137 2.
226 2081 380 2136 Obiectum
399 2087 518 2135 nostrae
537 2080 753 2135 dissertationis
774 2085 802 2133 et
822 2078 986 2134 methodus.
1007 2111 1039 2118 -
1060 2081 1086 2134 3.
1105 2080 1249 2148 Theologi

179 2173 258 2226 russi
278 2188 350 2240 quos
370 2172 557 2241 potissimum
576 2171 768 2224 adhibuimus
799 2200 832 2207 —
851 2171 876 2223 4.
897 2169 1049 2233 Quaedam
1076 2185 1153 2240 quae
1173 2171 1249 2223 russi

180 2263 218 2317 de
247 2261 399 2331 Scriptura
427 2276 519 2330 sacra,
547 2262 584 2314 de
613 2260 786 2326 traditione,
814 2259 851 2314 de
879 2260 962 2313 libris
991 2262 1052 2313 suis
1081 2261 1250 2330 symbolicis

178 2352 297 2419 docent,
312 2367 371 2420 pag
374 2388 1086 2405 ................
1180 2350 1249 2404 1-9

321 2586 383 2701 DR
404 2586 559 2743 ιΞΓΓἈΤΠ·
577 2584 807 2702 iUSTITIAE
831 2633 1105 2702 ORIGINALIS.

176 2779 298 2834 Divisio
318 2784 473 2846 tractatus,
493 2794 562 2847 pag.

499 3071 938 3141 PROLRGOMENA.

618 3198 690 3266 Pag.
708 3200 823 3253 12-40.

290 3333 313 3384 1.
333 3332 453 3401 Duplex
480 3332 651 3385 difficultas.
673 3363 705 3369 -
725 3332 749 3385 2.
770 3332 892 3402 Triplex
919 3335 1046 3387 hominis
1073 3339 1181 3387 status:
1206 3336 1251 3387 in-

178 3421 345 3489 nocentiae,
365 3421 634 3490 gratae-gloriae.
654 3452 687 3458 —
708 3422 732 3475 3.
753 3422 868 3475 Relatio
889 3422 944 3476 Dei
963 3422 1001 3475 ad
1017 3423 1164 3477 hominem
1180 3429 1252 3477 ante

180 3513 298 3579 lapsum
314 3516 358 3564 est
373 3510 525 3563 ordinaria
540 3511 700 3577 naturalis3
720 3515 836 3564 constat
852 3512 1001 3566 creatione
1016 3515 1046 3566 et
1056 3511 1251 3581 providentia.

180 3600 207 3652 4.
227 3598 343 3651 Relatio
362 3597 416 3652 Dei
436 3597 584 3653 Creatoris
604 3599 642 3652 ad
661 3604 844 3653 creaturam:
865 3599 908 3653 De
928 3601 990 3654 fine
1009 3609 1172 3654 creaturae.
1208 3600 1252 3654 Dc

181 3689 248 3741 eius
266 3688 435 3756 aptitudine
454 3688 491 3741 ad
511 3690 612 3742 finem.
636 3720 666 3726 --
686 3690 710 3742 5.
731 3689 847 3743 Relatio
868 3689 923 3741 Dei
943 3690 1061 3758 providi
1080 3690 1118 3744 ad
1137 3695 1251 3744 creatu·

181 3794 243 3831 ram
251 3794 258 3829 :
267 3775 344 3839 auid
355 3776 560 3846 providentia?
570 3778 613 3830 Ea
623 3783 738 3831 constat
749 3780 974 3832 conservatione
984 3783 1013 3832 et
1023 3780 1251 3847 gubernatione.

180 3865 259 3930 Quid
278 3865 476 3934 gubernatio?
494 3868 538 3920 De
558 3868 772 3935 cooperatione,
794 3884 882 3936 quam
903 3868 983 3921 Deus
1002 3870 1143 3938 providus
1162 3870 1251 3922 ratio·

180 3955 245 4010 nali
265 3961 421 4009 creaturae
441 3961 581 4024 praestat,
601 3957 712 4024 pariter
731 3963 761 4009 et
781 3957 817 4011 de
837 3958 943 4025 gratia.
964 3957 1025 4020 Quo
1041 3972 1130 4011 sensu
1144 3973 1254 4011 nomen

179 4058 345 4100 concursus
360 4051 389 4099 et
403 4058 511 4097 nomen
526 4045 643 4113 gratiae
658 4043 835 4098 adhibetur?
854 4044 898 4098 De
913 4045 1101 4114 providentia
1116 4045 1253 4098 absoluta
