2872 4666
219 105 475 185 incessitatem3
509 122 555 169 ex
588 105 701 168 altera
734 107 835 185 parte
867 104 910 167 ob
933 103 1079 168 eandem
1105 105 1302 187 imaginem

220 214 315 278 Deus
357 213 523 276 subvenit
564 212 712 275 hominis
755 211 961 293 indigentiis
1008 210 1101 275 Dum
1143 212 1302 276 hominis

220 322 343 401 imago,
375 319 543 401 quamdiu
567 317 625 382 ille
647 319 684 381 in
707 321 803 381 statu
826 318 1045 383 innocentiae
1068 326 1128 395 est,
1162 319 1201 382 in
1227 324 1302 383 toto

221 445 283 491 suo
308 426 490 509 splendore
514 427 616 504 lucet,
649 433 684 490 et
716 426 839 490 relatio
868 426 933 491 Dei
964 427 1010 490 ad
1043 427 1219 491 hominem
1245 433 1303 491 est

224 532 451 612 «normalis»,
484 533 670 596 immutata
703 535 821 597 autem
853 538 998 615 peccato
1030 534 1193 615 originali
1227 535 1301 598 hac

221 621 380 722 imagine,
403 641 552 721 foedata,
576 639 773 720 depravata
806 658 849 704 ac
881 640 1069 720 destructa,
1101 648 1137 704 et
1169 643 1302 706 relatio

220 746 284 811 Dei
317 746 362 809 ad
396 747 570 810 hominem
593 746 799 810 immutatur
821 747 931 829 fitque
955 748 1238 812 extraordinaria
1265 756 1301 814 et

220 853 498 936 supernaturalis
508 856 544 918 et
554 856 666 916 status
676 854 824 917 hominis
838 854 979 918 devenit
993 860 1105 919 status
1120 858 1261 939 gratiae
1270 856 1299 935 ¹).

223 961 317 1024 Dum
340 960 455 1042 imago
479 960 616 1042 integra
640 963 693 1024 est
711 979 756 1024 ac
774 979 873 1042 pura,
897 960 942 1023 ad
961 979 1039 1024 eam
1058 964 1298 1028 evolvendam

220 1067 518 1149 excolendamque
538 1067 670 1131 sufficit
688 1069 804 1149 gratia
823 1086 1027 1149 cooperans;
1050 1070 1190 1134 foedata
1209 1089 1298 1135 vero

223 1181 365 1256 peccato
398 1175 549 1257 imagine
581 1193 625 1239 ac
658 1175 837 1240 destructa
870 1177 1059 1259 requiritur
1090 1182 1164 1240 tum
1188 1179 1295 1242 etiam
1386 1227 1419 1266 ί

221 1285 336 1366 gratia
360 1284 591 1348 sanctificans
611 1285 655 1346 ad
675 1301 752 1348 eam
773 1284 1029 1365 purificandam
1053 1292 1294 1351 reconstruen·
1370 1339 1403 1352 -

222 1391 380 1473 damque,
414 1396 451 1453 ut
484 1391 603 1455 evolvi
625 1396 661 1455 et
684 1392 750 1454 coli
774 1392 880 1472 possit
904 1394 987 1456 ete...
1032 1391 1156 1474 Itaque
1180 1393 1295 1475 imago
1340 1428 1432 1469 0-

224 1497 287 1562 Dei
311 1497 347 1560 in
370 1497 507 1561 homine
531 1515 592 1560 seu
617 1501 745 1560 natura
769 1498 951 1561 rationalis
974 1501 1026 1563 est
1050 1499 1159 1563 russis
1183 1500 1292 1564 veluti
1330 1508 1433 1576 is

223 1604 500 1684 fundamentum,
524 1605 581 1667 cui
606 1604 641 1668 in
665 1607 942 1686 argumentando
966 1605 1169 1686 innitantur,
1202 1607 1291 1688 prin·
1326 1647 1359 1655 -
1377 1635 1429 1676 11

224 1869 292 1906 suas
322 1853 527 1920 proprietatos,
556 1852 695 1916 actiones,
725 1857 754 1904 ot
784 1867 866 1905 suam
897 1853 1082 1905 voluntatem
1111 1869 1185 1922 erga
1212 1870 1331 1920 eumz
1373 1869 1423 1904 cr

222 1957 261 1995 ex
279 1941 377 1995 altera
394 1945 488 2011 partu,
508 1945 542 1994 ut
563 1941 650 1992 homo
669 1941 801 1993 totaliter
821 1942 964 2009 suscipiat
983 1942 1059 1994 hanc
1077 1942 1289 1996 revelationem
1316 1957 1433 1994 [nn

224 2037 305 2086 etc».
346 2032 461 2099 «Atque
487 2032 518 2083 in
544 2030 598 2083 hoc
621 2031 755 2083 consistit
775 2032 903 2084 essentia
922 2037 1095 2085 mutuarum
1115 2032 1337 2086 relationum
1349 2043 1433 2080 nn

223 2123 301 2175 inter
322 2121 417 2174 Deum
436 2125 467 2172 et
486 2120 636 2172 hominem
658 2120 734 2173 sicut
754 2122 831 2173 inter
850 2121 984 2174 membra
1004 2120 1135 2189 religiosi
1150 2121 1344 2175 foederis«
1372 2129 1433 2167 ὃ»

223 2212 268 2264 ita
288 2219 388 2264 tamen
408 2215 441 2263 ut
463 2210 629 2263 ‹initiativa
648 2210 679 2262 in
694 2211 749 2263 hac
764 2226 795 2262 ro
810 2211 970 2264 tribuenda
980 2212 1018 2264 sit
1028 2211 1106 2265 Deo»
1120 2211 1310 2280 (tarvenna,P
1319 2219 1435 2267 «Γ-Ὶ»,

224 2315 268 2368 op.
289 2315 312 2352 c.
333 2303 348 2362 ἓ
368 2300 410 2367 18,
430 2315 457 2368 p.
478 2300 512 2353 59
532 2299 593 2366 sq).
626 2299 715 2352 quta
735 2299 896 2353 Macarium
916 2300 1021 2368 religio
1041 2305 1086 2353 est
1104 2301 1241 2355 doctrina
1259 2301 1350 2353 (ie-3
1367 2290 1435 2344 Εθ

224 2395 329 2442 mutua
359 2389 502 2441 relatione
531 2388 620 2454 inter,
637 2388 733 2440 Deum
762 2394 792 2440 et
821 2388 969 2442 hominem
997 2388 1137 2457 (Manapin.
1153 2389 1233 2448 Baen.
1250 2393 1434 2458 opqp·

224 2494 247 2531 o.
268 2482 283 2541 ἕ
305 2479 346 2545 15,
366 2494 392 2546 p.
413 2479 466 2542 33).
487 2476 552 2529 Vid.
574 2493 664 2546 supra
683 2479 844 2546 prolegom.
865 2494 891 2546 p.
904 2479 945 2545 17,
963 2479 1075 2545 itt-au,
1090 2479 1133 2533 35.

331 2567 431 2635 Atque
450 2568 523 2620 haec
545 2568 686 2620 sulficere
704 2582 867 2620 censemus.
887 2565 1038 2636 Optimum
1057 2568 1159 2637 fuerit,
1185 2570 1210 2623 si
1230 2571 1329 2639 quie
1345 2555 1433 2613 145⁸

225 2656 380 2724 explorare
401 2657 532 2709 voluerit
551 2656 716 2710 doctrinam
736 2671 887 2711 russorum
913 2657 950 2710 de
970 2657 1114 2727 religione
1133 2663 1165 2712 et
1184 2659 1310 2712 revela·
1329 2657 1431 2705 6³·

225 2748 319 2813 tione;
339 2744 370 2797 id
389 2734 448 2798 non
469 2761 592 2814 parvam
613 2745 709 2799 lucem
729 2746 760 2797 in
779 2751 873 2798 totam
893 2761 995 2799 eorum
1015 2746 1200 2816 theologiam
1221 2750 1303 2803 eifu-
1321 2747 1429 2795 1:11·

226 2835 310 2888 derit.
335 2867 368 2873 —
395 2835 483 2888 Error
508 2839 609 2889 autem
635 2836 666 2888 in
692 2837 749 2888 ista
767 2834 978 2904 concipiendae
1001 2836 1156 2904 religionis
1182 2839 1332 2893 rationo
1343 2837 1427 2882 sse

224 2925 305 2992 apud
334 2941 433 2978 russos
462 2925 493 2976 in
521 2939 556 2977 eo
585 2931 637 2992 est,
668 2924 746 2992 quod
773 2925 878 2977 relatio
908 2924 962 2978 Dei
988 2925 1026 2978 ad
1046 2932 1219 2980 creaturam
1240 2926 1422 2981 nor10¹¹

226 3018 322 3082 potest
342 3030 405 3068 esse
424 3014 480 3066 nisi
501 3014 675 3080 rationis,
696 3014 801 3067 relatio
821 3029 893 3066 vero
913 3019 1068 3067 creaturae
1087 3015 1125 3068 ad
1141 3015 1240 3070 Deum
1256 3031 1295 3069 es·
1308 3020 1378 3062 8
1393 3012 1418 3055 ⁸⁶

228 3103 360 3165 realis,
380 3104 489 3156 idcirco
509 3119 578 3156 curn
597 3104 704 3171 religio
724 3104 889 3171 concipitur
903 3109 1056 3170 tamquam
1072 3110 1177 3159 mutua
1192 3106 1312 3160 relatio
1331 3090 1411 3149 3¹⁶0

228 3192 284 3244 Dei
316 3200 344 3244 ct
373 3193 509 3257 hominis,
542 3192 768 3246 contunduntur
802 3192 872 3244 ordo
901 3193 1015 3260 logicus
1049 3198 1079 3247 et
1113 3195 1404 3264 ontologieuaffls

227 3281 410 3348 atqucDeus
430 3283 574 3334 statuitur
594 3283 688 3335 voluti
709 3284 739 3334 in
759 3282 886 3350 quadam
902 3281 1101 3349 dependentia
1115 3297 1133 3336 a
1147 3289 1389 3342 creaturffit

228 3384 280 3422 suo
300 3385 395 3438 opere.
416 3370 481 3423 Vid.
501 3368 528 3423 S.
548 3370 676 3424 Thomas
696 3370 720 3437 2,
740 3370 765 3438 2,
786 3386 812 3438 q.
827 3371 871 3435 81,
890 3386 916 3423 a.
933 3372 962 3437 13
980 3365 1085 3425 contra
1100 3369 1210 3426 Gentil.
1226 3374 1244 3426 l.
1260 3370 1300 3425 1?
1352 3363 1375 3433 J,

227 3475 251 3512 o.
274 3461 387 3513 11-14.

338 3550 356 3613 ¹)
374 3546 439 3599 Vid.
460 3548 622 3616 prolegom.
642 3564 668 3617 p·
689 3549 802 3602 32-34.
