2872 4666
585 320 826 385 -176-

176 535 235 601 vel
258 535 426 598 virtutem
449 533 583 598 infundi
602 551 711 616 posse.
735 533 801 599 Sed
819 551 865 598 ex
882 534 996 598 altera
1014 538 1118 616 parte
1137 534 1242 600 eidem

176 642 325 724 theologi
356 641 634 706 traditonalismo
671 641 782 704 innixi
815 642 998 705 affirmant
1030 659 1144 724 neque
1172 659 1243 723 pro·

176 767 336 832 gressum
358 749 495 830 generis
519 749 664 811 humani
687 767 800 830 neque
831 748 959 812 donum
991 749 1162 812 sermonis
1189 764 1247 814 ex·

176 857 302 940 plicari
326 874 433 939 posse,
464 856 530 920 nisi
563 856 739 938 supposito
761 856 934 920 hominem
957 855 1134 938 quendam
1158 856 1250 921 veri·

175 969 290 1028 tatum
313 968 525 1045 apparatum
550 963 761 1045 simulatque
785 963 958 1045 loquelam
989 981 1012 1026 a
1044 962 1118 1027 Deo
1148 980 1252 1028 acce·

176 1073 277 1155 pisse.
302 1071 367 1136 Sed
391 1072 560 1154 quomodo
584 1071 685 1134 homo
709 1070 789 1133 illas
813 1069 981 1135 veritates
1005 1070 1169 1151 accipere
1192 1089 1252 1152 po·

175 1179 271 1243 tuit?
297 1176 399 1242 Certo
422 1197 491 1241 non
514 1178 694 1260 infusione,
726 1195 817 1260 quae
849 1180 999 1241 naturae
1029 1177 1165 1242 liberae
1196 1195 1252 1243 re·

177 1287 364 1369 pugnaret3
401 1304 513 1368 neque
550 1284 699 1366 propriis
736 1285 871 1348 viribus
911 1283 1128 1364 inveniendo,
1166 1303 1254 1350 cum

175 1410 358 1457 russorum
382 1393 555 1456 sententia
578 1409 691 1473 neque
709 1390 956 1455 intellectualis
974 1408 1086 1473 neque
1103 1391 1254 1455 moralis

177 1500 325 1565 hominis
348 1500 499 1564 evolutio
523 1498 598 1562 sine
620 1497 738 1581 aliquo
756 1503 901 1563 externo
919 1498 1057 1562 influxu
1076 1497 1254 1578 possibilis

175 1610 278 1672 esset.
302 1605 464 1670 Iniluxus
487 1611 605 1670 autem
628 1610 771 1670 creatae
791 1622 908 1670 rerum
927 1609 1076 1670 naturae
1094 1605 1180 1669 huic
1199 1607 1254 1672 rei

178 1715 291 1796 impar
315 1717 368 1777 est
381 1713 409 1791 ¹).
432 1710 524 1792 Quid
547 1713 653 1794 igitur
675 1712 849 1795 reliquum
872 1715 958 1789 erat,
981 1712 1046 1774 nisi
1070 1718 1109 1775 ut
1133 1711 1254 1793 ipsum

180 1821 293 1885 Deum
317 1821 559 1902 paedagogum
583 1818 729 1882 hominis
760 1824 867 1901 atque
899 1818 1123 1883 educatorem
1156 1821 1252 1884 face·

178 1933 266 2007 rent,
297 1927 363 1989 m’si
395 1931 434 1989 ut
466 1930 699 2008 supponerent
730 1925 843 1990 Deum
876 1943 940 2007 ope
962 1926 1254 2008 conversationis

179 2052 275 2098 more
298 2033 407 2114 patris
430 2050 475 2096 ao
494 2033 686 2115 paedagogi
708 2032 911 2096 instruendo
937 2037 1042 2115 atque
1065 2031 1254 2097 educando

178 2145 255 2203 tum
279 2141 496 2205 necessarias
520 2141 688 2205 veritates
711 2140 840 2204 homini
864 2139 1149 2220 communicasse,
1174 2144 1252 2204 tum

180 2246 215 2309 in
240 2247 456 2312 exercendas
475 2247 626 2311 virtutes
645 2264 724 2312 eum
743 2245 930 2310 induxisse.
952 2245 1006 2310 Ex
1021 2247 1116 2310 hisce
1130 2247 1253 2330 liquet,

176 2372 245 2417 cur
277 2354 368 2417 russi
401 2359 580 2434 tantopere
612 2353 710 2418 illum
744 2353 808 2418 Dei
841 2353 1120 2436 paedagogatum
1153 2355 1253 2419 affir-

180 2465 276 2526 ment
294 2480 338 2526 ac
357 2461 584 2526 describant?
603 2479 668 2525 cur
681 2461 944 2526 instructionem
958 2463 993 2525 et
1005 2461 1254 2526 educationem

180 2569 291 2633 veluti
314 2574 414 2633 notas
437 2570 673 2634 distinctorias
697 2569 840 2634 dimnae
863 2587 949 2652 erga
971 2569 1124 2650 primum
1142 2570 1253 2635 homi·

178 2695 259 2740 nem
284 2676 523 2758 providentiae
542 2676 729 2741 statuant?
749 2678 798 2740 ita
813 2681 851 2739 ut
869 2694 950 2741 cum
969 2676 1078 2740 veluti
1097 2676 1253 2742 indolem

179 2785 274 2847 illius
293 2783 460 2865 providae
480 2783 546 2848 Dei
565 2785 816 2865 cooperationis
834 2783 1016 2864 designare
1030 2783 1151 2866 velint,
1170 2803 1252 2850 eam

176 2891 382 2972 simpliciter
401 2892 641 2955 educatoriam
665 2909 709 2955 ac
731 2891 1004 2974 paedagogicam
1024 2890 1206 2972 appellent
1217 2890 1247 2971 ¹).

287 2997 385 3063 Haec
422 3016 513 3081 quae
556 2999 707 3062 diximus
748 2998 912 3062 sufficere
953 2998 1164 3079 oppinamur
1204 3000 1250 3063 ad

178 3123 360 3169 russorum
387 3105 429 3170 de
455 3106 675 3186 providentia
708 3123 792 3189 erga
824 3105 975 3186 primum
1007 3105 1182 3169 hominem
1216 3112 1252 3172 et

176 3213 296 3295 gratia
321 3213 515 3277 doctrinam
540 3214 816 3295 cognoscendam
839 3211 1177 3296 intelligendumque.

288 3445 308 3508 ¹)
328 3441 404 3496 Vide
423 3457 513 3512 supra
531 3458 558 3511 p.
579 3442 629 3497 137
645 3441 712 3494 adn.

290 3532 310 3598 ¹)
329 3531 373 3584 Ex
388 3532 495 3600 quibus
511 3532 652 3599 estiatur,
668 3530 813 3598 quomodo
828 3531 904 3584 russi
918 3530 1142 3598 revelationem,
1157 3529 1247 3600 quani

177 3622 271 3673 ctiam
304 3622 399 3688 primo
427 3623 540 3675 homini
573 3622 767 3675 necessariam
801 3621 892 3673 fuisse
924 3620 971 3674 hic
996 3619 1059 3673 illic
1087 3619 1247 3689 aliquando

181 3711 345 3775 affirmant,
365 3711 534 3778 intelligere
553 3708 706 3764 debeant?
724 3709 937 3763 Necessitatem
956 3723 1028 3763 vero
1047 3709 1246 3774 revelationis,

177 3802 215 3851 ut
236 3800 433 3866 exposuimus
454 3799 652 3852 communiter
678 3813 732 3867 ope
757 3797 1172 3857 traditionalistarum
1198 3797 1245 3850 do·

179 3887 290 3955 gmatis
309 3887 527 3951 demonstrant3
547 3888 597 3940 sed
617 3887 779 3956 aliquando
795 3888 885 3941 etiam
899 3887 1149 3955 positivismi
1168 3888 1244 3955 prin-

175 3975 262 4044 cipiis
283 3977 379 4028 innixi
399 3976 569 4044 procedunt.
590 3977 704 4030 Docent
724 3977 803 4029 enim
822 3977 970 4030 hominem
989 3990 1050 4029 non
1068 3990 1153 4044 posse
1166 3978 1245 4029 certa
