2872 4666
609 370 829 438 „75-

289 582 376 676 §lum
413 587 505 650 russi
541 586 696 652 breviter
733 586 826 669 loqui
860 588 992 668 volunt,
1025 587 1075 652 sio
1104 588 1250 652 hominis

164 692 288 758 finem
325 693 537 775 exprimunt:
555 702 559 707 ’
576 692 686 757 Homo
723 698 864 758 oreatus
901 703 954 757 est
986 712 1067 758 eum
1100 696 1250 777 imagine

171 799 254 882 Dei,
278 799 471 864 destinatus
503 818 588 865 vero
620 800 666 864 ad
702 800 782 864 llius
815 801 1073 865 similitudinem
1107 820 1168 883 per
1197 804 1250 865 sui

171 908 291 990 ipsius
313 908 544 974 evolutionem
558 908 587 988 ¹).

290 1014 413 1097 ltaque
445 1017 597 1080 evolutio
623 1020 660 1079 ut
683 1016 744 1079 via
767 1023 802 1080 et
825 1017 977 1080 medium
1000 1016 1046 1079 ad
1072 1017 1249 1081 beatitudi-

175 1141 262 1186 nem
297 1124 499 1204 coneipitur,
533 1124 708 1189 beatitudo
741 1142 826 1188 vero
861 1129 898 1187 ut
929 1125 1076 1189 effeetus
1104 1129 1139 1189 et
1162 1141 1250 1189 mer-

168 1247 240 1296 ees
265 1248 328 1294 seu
351 1248 478 1295 corona
502 1231 717 1296 evolationis.
748 1231 876 1313 Restat,
901 1236 940 1294 ut
962 1231 1135 1314 quaedam
1158 1249 1249 1314 quae

168 1338 226 1402 -ad
265 1341 450 1419 utramque
487 1340 694 1420 referuntur,
733 1339 843 1421 magis
876 1340 1058 1402 enucleate
1091 1356 1250 1420 perseru-

167 1450 305 1510 temur.

290 1551 319 1615 3.
343 1549 523 1631 Quantum
546 1553 592 1616 ad
615 1553 848 1618 evolutionem
880 1553 1036 1617 nonnulli
1068 1558 1250 1636 quaeruut,

167 1677 361 1743 quousque
394 1662 533 1724 tandem
563 1663 720 1725 futurum
753 1661 882 1742 luisset,
917 1667 954 1724 ut
986 1661 1119 1743 primus
1151 1662 1251 1725 homo

178 1770 215 1831 in
259 1785 302 1832 ea
344 1768 632 1848 progrederetur?
674 1769 735 1851 qui
768 1769 860 1832 illius
893 1767 1112 1833 evolutionis
1136 1767 1250 1831 termi-

179 1893 248 1940 nus
273 1876 411 1939 futurus
434 1875 582 1940 luisset?
632 1875 770 1940 «Donec
797 1877 955 1940 futurum
977 1876 1107 1956 fuisset,
1140 1874 1252 1957 inquit

180 1982 400 2064 Augustinus
423 1988 546 2063 reotor,
572 1987 610 2046 ut
628 1983 776 2066 plenam,
799 2001 891 2066 quae
914 1982 1109 2045 hominibus
1132 1999 1155 2046 a
1179 1981 1252 2046 Deo

180 2089 391 2171 praestituta
438 2094 503 2170 est,
552 2091 772 2171 perfeetionis
819 2089 994 2154 terrestris
1041 2089 1251 2170 simulatque

179 2196 406 2262 beatitudinis
439 2215 639 2262 mensuram
668 2199 856 2280 attingeret
868 2195 897 2275 ²).
931 2197 1035 2260 quta
1061 2195 1250 2259 Antonium

173 2323 277 2384 ‘vera
319 2304 409 2386 quod
451 2305 605 2369 animam
639 2305 772 2384 attinet,
808 2305 937 2368 «donee
973 2305 1132 2367 futurum
1168 2303 1248 2365 fuis·

173 2416 242 2494 set,
281 2415 320 2474 ut
358 2412 510 2493 plenam,
548 2419 718 2494 quantum
757 2412 954 2475 substantia
991 2410 1092 2474 finita
1134 2427 1251 2490 capax

171 2523 241 2598 est,
278 2517 344 2583 Dei
376 2519 608 2583 similitudinis
645 2520 778 2600 pariter
811 2527 845 2582 et
878 2517 1038 2582 arctioris
1071 2534 1154 2580 cum
1177 2514 1250 2580 Deo

181 2626 319 2690 unionis
357 2644 418 2691 seu
455 2627 731 2708 participationis
769 2626 911 2690 divinae
948 2624 1119 2689 essentiae
1156 2641 1248 2687 men·

173 2752 302 2798 :suram
345 2742 624 2816 consequeretur.
675 2731 774 2813 Quod
817 2750 902 2798 vero
944 2749 1070 2814 oorpus
1111 2733 1248 2812 spectat

179 2841 336 2904 humana
361 2844 488 2904 natura
512 2841 684 2904 destinata
708 2845 769 2920 est,
803 2844 842 2902 ut
873 2839 1047 2921 gradatim
1080 2855 1125 2902 ao
1150 2837 1248 2918 pede·

180 2950 301 3013 tentim
322 2949 632 3012 transformaretur
651 2967 694 3012 ao
715 2949 952 3029 perficeretur,
967 2947 1077 3010 donee
1092 2947 1250 3008 futurum

171 3055 1249 3135 ruisset,utexmaterialiterrestriquemature·

180 3165 341 3228 soeret
381 3166 522 3244 atque
563 3164 607 3226 in
649 3167 826 3226 statum
868 3161 1022 3242 eorporis
1056 3159 1249 3241 spiritualis

170 3269 408 3351 -ooelestisque
432 3271 614 3335 transiret»
632 3269 662 3348 3).

290 3498 310 3568 ¹)
331 3498 505 3568 Cnmnemps,
525 3515 570 3569 op.
590 3516 612 3553 o
634 3500 685 3564 ΙΙΙ,
706 3505 721 3564 ἓ
741 3500 783 3566 44,
804 3516 830 3568 p.
851 3499 1006 3566 raa-2833
1022 3529 1054 3536 -
1072 3497 1247 3562 l'nxsusoniil,

160 3602 216 3664 op.
233 3607 261 3645 o.
278 3589 389 3657 ll,¹1rs.
409 3590 433 3657 8,
454 3606 479 3658 p.
498 3590 555 3643 102.
575 3589 657 3644 Conl.
677 3605 754 3659 quae
774 3604 865 3658 supra
883 3589 1022 3656 diximus,
1042 3604 1110 3641 oum
1125 3588 1161 3641 de
1178 3588 1249 3641 ima·

160 3684 247 3744 gine
268 3684 302 3733 et
322 3678 517 3732 similitudino
535 3679 591 3733 Dei
610 3681 640 3732 in
661 3679 778 3732 homine
798 3685 863 3732 erat
882 3693 978 3732 sermo

288 3772 310 3834 ³)
329 3768 490 3835 Anryorunn,
511 3787 581 3838 pen-r.
600 3770 781 3837 Pysoaonorso
799 3787 836 3822 rm
850 3769 963 3823 (lenonn.
983 3769 1119 3822 Borooron.
1139 3769 1205 3826 Hau.
1225 3768 1249 3821 3.

160 3853 294 3918 Moenus.
317 3859 395 3927 1894,
415 3864 431 3924 ἕ
449 3860 493 3926 45,
513 3876 539 3928 p.
563 3861 625 3927 146;
645 3866 675 3914 et
694 3861 754 3912 alii.

288 3951 310 4013 ³)
329 3948 455 4009 Anronili,
475 3965 520 4017 op.
540 3949 670 4015 o.§1·25,
693 3965 718 4017 p.
734 3949 887 4016 111-112;
908 3952 1025 4016 praeter
1044 3945 1249 4013 Augustinum

160 4047 203 4096 {t
225 4039 395 4094 Antonium
415 4040 517 4092 nullus
539 4039 620 4107 ponit
638 4040 714 4092 hano
734 4040 947 4106 quaestionem,
968 4039 1115 4106 quantum
1132 4035 1250 4101 assequi
