2872 4666
592 341 811 408 „83-

167 553 347 620 deducant
370 555 667 637 determinentque
699 559 805 638 atque
832 573 911 620 eum
944 555 1053 620 veluti
1086 557 1235 637 postula·

167 667 244 727 tum
269 664 442 745 quoddam
465 663 646 727 rationalis
660 662 680 742 ¹)
703 667 852 727 naturae
876 664 1102 728 considerent.

279 767 371 848 Quid
394 769 499 850 igitur
522 770 598 834 veri
631 773 666 835 et
697 771 779 852 quid
812 769 892 834 falsi
924 770 1013 835 inest
1039 770 1121 835 huic
1145 771 1236 853 prin-

163 876 292 959 cipio?

279 983 313 1049 Si
351 1001 529 1047 sumamus
566 985 673 1049 linem
710 983 769 1066 qui
806 1001 867 1048 seu
904 982 1116 1062 objectivum
1149 985 1181 1048 h.
1209 1004 1238 1049 e.

162 1092 284 1173 ipsum
307 1091 443 1172 bonum,
475 1091 511 1154 in
534 1091 625 1173 quod
649 1091 809 1171 tenditur,
841 1090 977 1154 nullum
1010 1090 1154 1155 dubium
1176 1097 1237 1173 est,

162 1197 253 1281 quin
278 1215 455 1261 russorum
476 1197 683 1279 principium
704 1215 830 1262 verum
849 1197 901 1261 sit.
926 1196 1001 1261 Non
1016 1199 1127 1262 solum
1146 1199 1238 1263 enim

162 1306 286 1387 homo,
325 1304 384 1369 sed
415 1304 531 1368 omnia
563 1305 656 1369 entia
689 1305 764 1386 ipsa
802 1308 930 1368 natura
967 1322 1031 1368 sua
1070 1309 1239 1387 appetunt

162 1430 347 1476 summum
383 1413 511 1475 bonum
548 1430 762 1495 quamquam
800 1413 868 1475 alio
896 1415 1002 1494 atque
1035 1413 1103 1475 alio
1126 1414 1238 1477 modo:

162 1519 343 1602 quaedam
381 1519 521 1601 passive
557 1519 809 1602 tantummodo,
850 1521 1023 1602 quaedam
1064 1519 1239 1601 instinctu,

165 1625 415 1710 quaeratione
433 1644 517 1691 vero
536 1627 695 1708 praedita
714 1631 795 1690 sunt
813 1628 919 1692 etiam
939 1626 1087 1706 ratione;
1110 1627 1240 1690 idcirco

163 1752 253 1798 cum
272 1732 457 1796 rationalia
476 1738 587 1815 agunt
605 1736 745 1815 propter
763 1734 878 1816 finem,
901 1733 1117 1797 irrationalia
1132 1752 1238 1817 agun-

166 1849 229 1906 tur
264 1840 377 1922 potius
410 1841 445 1903 in
477 1841 593 1906 linem.
641 1840 705 1906 Sed
734 1842 850 1904 omnia
873 1843 1043 1922 appetunt
1066 1859 1239 1905 summum

168 1949 301 2013 bonum
335 1949 426 2030 quod
458 1951 511 2013 est
543 1966 651 2011 unum
683 1947 936 2027 tantummod03
973 1949 1032 2029 qui
1060 1953 1112 2012 est
1135 1947 1240 2012 Deus.

169 2057 290 2137 Atque
327 2056 391 2119 sub
427 2055 493 2119 hoc
530 2059 689 2136 respectu
728 2054 830 2118 unius
866 2054 1013 2118 hominis
1050 2054 1131 2119 finis
1172 2072 1239 2117 non

168 2162 290 2227 diflert
322 2180 344 2225 a
376 2162 446 2227 fine
477 2162 621 2226 alterius
644 2180 757 2243 neque
780 2161 952 2225 naturalis
975 2161 1055 2225 finis
1078 2180 1100 2225 a
1124 2179 1240 2242 super-

170 2269 336 2333 naturali.
360 2267 456 2334 Idem
471 2272 523 2334 est
537 2269 628 2332 enim
647 2270 800 2332 omnium
820 2269 924 2350 Deus,
943 2268 978 2331 in
997 2287 1100 2351 quem
1123 2286 1241 2333 omnes

172 2378 251 2459 ipsa
275 2379 403 2440 natura
426 2376 628 2440 ordinamur
653 2376 902 2459 tendimusque.

282 2481 318 2549 Si
341 2500 425 2547 vero
448 2483 529 2547 finis
552 2500 619 2564 quo
643 2501 705 2547 seu
728 2482 942 2548 subiectivus
966 2483 997 2546 h.
1021 2502 1049 2547 e.
1069 2484 1145 2564 ipsa
1163 2501 1241 2547 con·

173 2591 318 2672 secutio,
348 2591 516 2672 possessio
545 2594 579 2655 et
601 2591 719 2654 fruitio
743 2590 868 2654 summi
892 2590 972 2653 boni
997 2590 1242 2670 consideretur,

173 2697 455 2778 distinguendum
478 2701 543 2762 est:
566 2703 737 2780 quantum
761 2697 806 2761 ad
829 2697 1077 2763 beatitudinem
1101 2702 1242 2761 natura·

174 2806 244 2868 lem
269 2822 448 2868 russorum
476 2805 684 2887 principium
709 2823 834 2870 verum
865 2809 927 2884 est,
959 2808 1130 2887 quantum
1158 2821 1243 2868 vero

174 2912 220 2975 ad
243 2911 494 2976 beatitudinem
518 2913 820 2993 supernaturalem
854 2913 958 2994 plane
981 2911 1118 2975 falsum.
1165 2911 1243 2974 Pro-

175 3021 268 3084 iecto
300 3019 401 3083 homo
433 3020 551 3083 innato
583 3020 740 3101 appetitu
773 3020 879 3084 etiam
912 3019 1109 3102 exigentiae
1132 3021 1244 3082 fertur

176 3126 211 3190 in
234 3125 485 3191 beatitudinem
518 3145 629 3209 neque
662 3127 808 3209 quiescit
830 3126 897 3190 nisi
920 3144 1001 3190 cum
1025 3143 1104 3190 eam
1127 3143 1243 3189 conse·

177 3233 305 3315 quitur.
325 3231 391 3297 Sed
405 3233 469 3297 hoc
489 3251 614 3298 verum
634 3236 687 3297 est
705 3234 943 3297 tantummodo
962 3233 1004 3296 de
1022 3231 1245 3312 beatitudine,

179 3358 268 3422 quae
300 3345 450 3405 naturae
481 3340 644 3403 rationali
676 3341 712 3403 in
740 3358 777 3405 se
809 3340 1050 3405 consideratae
1073 3338 1245 3421 convenit,

180 3466 286 3529 quam
320 3453 448 3510 natura
481 3447 660 3511 rationalis
685 3448 765 3511 solis
789 3452 937 3511 naturae
960 3445 1096 3511 viribus
1119 3463 1163 3509 ac
1187 3463 1244 3508 na·

183 3555 285 3621 turali
310 3553 375 3618 Dei
402 3554 533 3618 auxilio
557 3554 728 3636 attingere
751 3558 863 3636 potest
889 3591 928 3599 -
952 3572 1076 3635 nempe
1101 3553 1143 3617 de
1166 3552 1244 3616 bea·

180 3720 395 3735 *—

288 3821 309 3885 ¹)
328 3818 504 3886 Causocrps,
520 3833 565 3886 op.
586 3834 609 3870 c.
630 3817 680 3885 ΙΙΙ,
700 3821 715 3880 5
734 3818 777 3885 28,
803 3833 828 3885 p.
853 3816 1005 3883 rsa-1833
1031 3816 1110 3868 idem
1139 3816 1245 3883 princi-

169 3906 261 3968 rium
271 3909 311 3963 ad
326 3909 450 3976 angelos
465 3922 584 3975 quoque
600 3905 747 3972 extendit3
766 3906 818 3959 alii
834 3907 1001 3974 generatim
1017 3905 1054 3959 ad
1071 3905 1246 3958 rationalem

157 4003 349 4055 ereaturam
369 4001 404 4050 ut
422 3997 598 4050 rationalem
618 3995 693 4049 illud
713 3997 855 4049 referunt.

1111 4082 1142 4134 6.
