2872 4666
297 100 325 161 1.
349 94 449 176 Quae
473 114 558 161 vero
581 96 642 159 illa
666 99 700 160 et
723 96 836 180 qualis
859 99 973 181 fuerit,
1005 99 1181 165 deducunt
1214 119 1258 165 ex

183 204 360 286 «imagine
375 203 471 285 Dei»,
494 221 586 286 quae
604 203 742 269 animae
761 204 930 287 impressa
950 210 1011 290 est,
1025 225 1085 271 seu
1106 209 1257 289 primum

181 329 229 377 ex
248 311 326 393 ipsa
354 310 535 403 rationalis
565 314 714 375 naturae
742 313 902 395 essentia,
931 317 1006 377 tum
1033 333 1053 379 e
1080 315 1257 379 facultati·

185 419 250 482 bus
284 418 409 501 quibus
433 417 551 482 anima
575 421 628 482 est
651 419 822 500 praedita:
855 421 1044 502 intellectu,
1074 423 1257 488 voluntate

186 527 319 590 affectu
343 543 403 590 seu
428 525 533 590 corde
546 523 575 603 ¹).
599 525 715 608 Atque
738 526 869 592 dehoc
894 529 1109 594 conveniunt
1138 547 1257 595 omnes

293 684 312 750 ¹)
322 684 410 738 Russi
425 687 484 737 tres
499 683 692 751 distinguunt
705 684 822 737 animae
833 685 1002 740 facultates:
1013 687 1256 756 cognoscitivam,

185 774 379 843 operativum,
398 773 582 840 affectivam,
604 787 656 826 seu
675 773 871 842 intellectum,
891 776 1088 844 voluntatem,
1112 777 1255 830 affectum

186 864 232 916 vel
251 876 382 931 sensum,
401 878 475 915 «non
492 876 560 915 eum
576 862 627 931 qui
643 861 680 914 ad
700 876 747 915 ros
765 865 935 918 materiales
954 879 1117 918 conversus
1131 870 1185 932 est,
1205 865 1255 919 sed
1308 850 1309 853 ¹

183 968 252 1007 eum
274 951 326 1021 qui
346 952 436 1005 altius
455 952 564 1018 fertum
584 965 663 1019 quae
682 956 726 1004 est
745 951 874 1006 facultas
894 953 1039 1008 sentiendi
1064 955 1144 1022 grati
1164 960 1193 1008 et
1213 957 1254 1008 in·

182 1044 291 1112 grati».
311 1041 390 1096 Loco
405 1042 574 1095 voluntatis
589 1040 711 1109 quidam
726 1046 841 1110 ponunt
857 1042 1034 1111 libertatem,
1049 1045 1112 1098 loco
1126 1045 1256 1098 affectus

183 1147 236 1186 seu
253 1146 358 1185 sensus
372 1146 430 1185 cor.
450 1130 621 1184 Intellectui
636 1129 778 1183 tribuitur
791 1131 931 1199 cognitio,
950 1133 1099 1186 voluntati
1109 1132 1255 1199 activitas,

182 1220 309 1275 affectui
336 1221 389 1274 seu
414 1219 495 1274 cordi
514 1218 704 1273 desiderium.
734 1219 892 1274 Intellecta
917 1220 1074 1291 credimus,
1100 1224 1256 1276 voluntate

182 1325 330 1378 amamus,
353 1310 468 1364 affectu
488 1324 649 1378 speramus.
686 1309 860 1364 Intellectus
885 1310 981 1363 tendit
1004 1302 1177 1379 adrerum,
1202 1327 1253 1365 vo-

181 1400 286 1453 luntas
305 1398 343 1452 ad
362 1399 482 1466 bonum,
503 1397 634 1451 affectus
653 1396 691 1451 ad
706 1399 868 1466 perfectam
882 1399 1109 1453 beatitudinem.
1128 1398 1254 1462 Quidam

182 1488 288 1542 dicunt
308 1487 465 1541 voluntate
484 1501 538 1540 nos
557 1487 627 1540 ferri
647 1486 684 1539 ad
704 1487 902 1556 sanctitatem,
926 1486 965 1541 ad
992 1488 1138 1541 virtutum
1163 1489 1254 1557 speci·

182 1592 266 1643 men;
286 1576 403 1629 affectu
422 1590 493 1629 vero
512 1575 549 1628 ad
566 1575 731 1643 pulchrum.
752 1575 879 1638 Quidam
894 1576 932 1629 ad
947 1592 997 1629 cor
1012 1577 1147 1629 referunt
1161 1591 1253 1646 quen·

180 1665 252 1720 dam
272 1667 449 1719 instinctum
469 1665 644 1734 religiosum
665 1680 717 1718 seu
736 1665 906 1733 religiosam
926 1667 1126 1734 affectionem,
1145 1667 1253 1720 veluti:

183 1755 361 1824 Cumsecrps,
382 1769 427 1823 op.
447 1770 471 1808 c.
489 1754 512 1822 Ι,
533 1757 548 1818 ξ
567 1754 611 1816 41,
631 1769 657 1821 p.
677 1753 827 1807 cte-274.
847 1751 921 1806 Vide
941 1754 1107 1815 Haruminili.
1127 1755 1254 1816 Boenesie

181 1860 219 1896 m>
237 1842 375 1898 0611661166
393 1843 553 1896 Borocuoaie.
575 1841 740 1910 Craeponous
760 1843 837 1910 1893,
861 1843 922 1910 57,
942 1848 957 1907 ᾖ
978 1844 1096 1910 13-14;
1120 1843 1253 1912 Marapilf.

184 1932 321 1992 Baunonia
342 1936 358 1997 ς
379 1932 492 1999 12-13,
512 1947 538 1999 p.
559 1931 797 1996 25-29301aui
817 1934 847 1984 in
868 1931 1025 1999 theologiis
1045 1932 1252 1986 fundamenta-

180 2022 269 2075 libus.
290 2022 396 2091 Itaque
415 2021 532 2075 duabus
550 2021 667 2074 animae
681 2021 830 2089 potentiis,
851 2036 925 2090 quas
941 2021 1077 2075 catholici
1091 2024 1253 2075 communi·

179 2116 227 2164 ter
254 2116 383 2180 ponunt:
409 2111 576 2164 intellectui
594 2115 624 2163 et
643 2110 792 2163 voluntati
811 2109 984 2178 adiungunt
1004 2112 1081 2163 russi
1101 2111 1251 2178 quandam

181 2202 311 2254 tertiam.
331 2199 413 2263 Quae
433 2199 505 2269 quid
525 2199 580 2255 sibi
601 2200 683 2266 velit,
710 2214 768 2253 non
794 2205 856 2253 tam
880 2200 994 2253 clarum
1014 2205 1067 2267 cst,
1095 2205 1130 2252 ut
1156 2205 1252 2268 patet,

183 2290 234 2343 sed
254 2289 283 2341 id
304 2290 434 2343 maxime
452 2288 678 2342 admirationem
698 2294 807 2355 movet,
834 2289 913 2357 quod
934 2295 1086 2356 tamquam
1106 2289 1250 2342 ultimum

180 2380 273 2432 huius
292 2380 443 2448 potentiae
461 2379 623 2431 terminum
643 2382 758 2447 ponunt
786 2377 863 2430 «frui
888 2379 1019 2447 perfecta
1038 2377 1251 2431 beatitudine».

179 2467 320 2524 Ceterum
347 2468 423 2521 russi
449 2469 479 2520 in
504 2467 559 2521 hac
584 2467 783 2536 potentiarum
808 2466 963 2531 divisione,
990 2481 1172 2536 quamquam
1193 2482 1251 2520 non

181 2558 311 2625 omnino,
337 2559 471 2626 proxime
497 2562 596 2610 tamen
621 2556 765 2610 videntur
789 2556 928 2610 accedere
947 2555 984 2609 ad
1005 2560 1144 2624 systema,
1171 2556 1251 2624 quod

179 2647 247 2702 Joh.
266 2646 329 2702 Nic.
344 2647 494 2701 Tetensin
505 2646 743 2716 Philosophische
763 2644 914 2699 Versuche
933 2646 1007 2699 iiber
1026 2645 1074 2698 die
1093 2645 1249 2698 menschli-

181 2737 237 2791 che
255 2735 351 2790 Natur
363 2736 426 2790 und
441 2737 504 2790 ihre
519 2736 741 2803 Entwicklung.
762 2735 840 2804 Lips.
864 2736 941 2803 1877,
960 2736 1161 2802 excogitavit:
1184 2735 1251 2788 «Ich

181 2826 268 2880 atthis
294 2826 357 2880 drei
377 2824 646 2894 Grundvermiigen
670 2825 724 2878 der
748 2823 846 2880 Seelc:
874 2826 927 2878 das
954 2823 1074 2888 Gefiihl,
1098 2824 1151 2878 der
1178 2824 1250 2878 Ver-

180 2915 268 2969 stand
297 2915 360 2969 und
388 2915 435 2969 die
461 2915 728 2983 Tttlgkeitskrait·
755 2915 830 2984 (tl,
855 2931 882 2984 p.
903 2915 955 2969 619
981 2916 1043 2983 sq.).
1072 2913 1137 2967 Vid.
1164 2914 1250 2966 Tilm.

179 3004 284 3059 Pesch.
312 3005 520 3059 Institutiones
548 3005 783 3074 psychologicae.
813 3004 890 3057 Frib.
917 3004 964 3058 Br.
994 3005 1071 3074 1898.
1105 3003 1169 3058 Vol.
1198 3003 1251 3068 III,

179 3111 209 3149 n.
232 3096 310 3162 1119,
329 3110 356 3164 p.
378 3095 431 3148 440
450 3109 492 3162 sq.
512 3092 595 3148 Sicut
614 3094 696 3147 notio
721 3094 877 3163 «imaginis
902 3099 933 3148 61
959 3093 1178 3147 similitudinis»
1209 3093 1251 3146 ita
1280 3101 1282 3105 '

178 3185 252 3238 haec
282 3183 407 3253 triplicis
431 3184 581 3252 potentiae
601 3183 709 3236 divisio
729 3188 821 3236 totam
841 3183 979 3252 pervadit
997 3198 1149 3236 russorum
1171 3183 1250 3236 theo·

179 3272 302 3341 logiam.
329 3272 353 3324 E
371 3277 480 3326 natura
499 3271 605 3325 harum
625 3273 826 3340 potentiarum
846 3272 1000 3327 deducunt
1018 3260 1157 3325 naturam
1177 3286 1249 3339 quo-

178 3377 239 3430 que
268 3362 423 3430 religionis
455 3377 508 3415 seu
541 3361 668 3415 foederis
697 3362 775 3430 quod
805 3364 883 3417 inter
912 3363 1060 3416 hominem
1095 3366 1124 3414 et
1153 3360 1250 3414 Deum

177 3452 426 3520 existerepotest
445 3455 475 3504 et
493 3450 589 3517 debet,
609 3456 674 3504 tum
689 3451 828 3506 ultimum
845 3452 972 3506 hominis
986 3452 1078 3504 finem
1094 3454 1123 3503 et
1138 3450 1250 3518 aptitu-

176 3541 281 3595 dinem
302 3540 340 3594 ad
361 3540 504 3607 eundum,
529 3545 593 3593 tum
618 3542 824 3595 necessitatem
844 3541 1054 3609 redemptionis
1074 3544 1128 3592 etc.
