2872 4666
598 275 839 340 -166-

182 490 305 570 titatis;
328 489 420 572 quod
443 492 561 553 autem
585 506 653 552 non
677 490 778 553 aliter
801 488 913 571 potuit
936 490 970 552 et
988 488 1109 553 debuit
1127 488 1261 570 attingi

181 597 247 661 nisi
271 598 331 661 via
356 596 567 678 probationis
590 601 625 658 et
648 595 795 660 laboris»
810 595 840 674 ¹)
1009 665 1011 671 ,

288 703 363 768 Hoc
387 708 505 769 tamen
527 703 778 768 nonobstante
802 702 934 784 primus
957 720 1084 784 parens
1110 703 1261 769 beatam

180 829 224 876 ao
256 811 394 876 felicem
416 811 487 892 egit
510 811 630 892 vitam,
662 828 742 875 cum
776 812 907 892 optima
941 811 1137 876 conditione
1160 813 1261 876 esseti

180 921 344 1000 respectu
367 917 484 982 habito
508 918 583 983 sive
606 917 680 1000 Dei,
704 917 780 982 sive
804 917 998 999 suiipsius,
1031 919 1108 982 sive
1132 934 1261 983 rerum

180 1031 332 1090 naturae
344 1023 373 1104 ²).

289 1131 339 1197 10.
367 1128 468 1210 Quod
500 1150 582 1196 eum
614 1132 707 1195 russi
741 1131 937 1212 exprimere
974 1132 1107 1214 volunt,
1144 1131 1261 1195 etiam

179 1241 311 1302 statum
345 1239 447 1320 primi
469 1238 616 1302 hominis
648 1241 780 1302 statum
815 1238 1037 1303 beatitudinis
1069 1256 1116 1303 ac
1143 1238 1261 1304 felici-

179 1347 263 1410 tatis
287 1365 348 1411 seu
371 1350 502 1410 statum
521 1364 678 1411 summae
696 1346 939 1429 sufficientiae,
962 1346 1169 1411 affluentiae
1192 1350 1261 1426 (uo-

178 1456 345 1531 souscrsa)
367 1453 547 1535 appellant
558 1451 588 1531 ³).

285 1557 372 1625 Cum
405 1579 490 1625 vero
522 1579 607 1643 prae
640 1561 750 1625 oculis
786 1561 917 1626 habent
939 1561 1128 1641 specialem
1152 1561 1261 1625 illam

178 1667 434 1749 providentiam
466 1686 527 1733 seu
559 1670 720 1750 gratiam,
753 1687 823 1752 qua
856 1668 952 1733 Deus
985 1667 1095 1749 primo
1120 1669 1261 1732 homini

178 1776 422 1857 concurrebat
443 1793 660 1858 quamquam
678 1775 864 1839 admodum
883 1793 973 1857 raro,
997 1779 1130 1838 statum
1149 1775 1261 1857 origi-

178 1881 330 1965 ginalem
354 1882 459 1946 etiarn
485 1884 617 1947 vocant
639 1887 768 1946 statum
793 1883 928 1965 gratiae
959 1881 1261 1963 (ouaronarnmll)⁴).

285 1986 371 2055 Cum
396 2008 480 2054 vero
512 1993 547 2055 et
581 1990 678 2053 illam
702 1990 768 2055 Dei
801 1990 937 2072 providi
970 1990 1261 2071 cooperationem

177 2097 213 2159 ct
248 2097 395 2161 hominis
427 2097 472 2161 ad
505 2116 580 2162 sese
612 2097 845 2162 evolvendum
878 2097 1107 2179 aptitudinem
1142 2099 1261 2180 respi-

116 2210 119 2215 '
177 2203 283 2285 ciunt,
308 2207 437 2267 statum
461 2205 663 2287 originalem
683 2204 804 2268 dicunt
823 2206 954 2268 statum
976 2204 1160 2268 celcris
1186 2223 1261 2270 ra-

178 2310 410 2393 pidaeque
441 2312 737 2376 evolutionis
760 2330 814 2375 ac
838 2329 1115 2393 progressus.
1149 2313 1261 2378 ‹Pro-

177 2420 397 2499 toparenturn
429 2419 588 2500 conditio,
621 2419 735 2501 inquit
766 2418 942 2500 silvester,
974 2436 1041 2481 non
1065 2423 1146 2483 erat
1170 2439 1260 2485 con-

177 2526 259 2590 ditio
282 2526 465 2590 cuiusdam
488 2527 689 2608 asperitatis
714 2545 776 2591 seu
799 2527 974 2590 tarditatis
1006 2526 1042 2589 in
1074 2527 1152 2591 vita
1184 2529 1261 2611 spi-

176 2634 308 2713 rituali;
341 2634 401 2697 sed
426 2637 569 2714 propter
592 2634 763 2715 integram
797 2637 903 2716 atque
927 2621 1092 2696 villaesam
1127 2653 1258 2700 eorum

177 2745 350 2821 naturam,
365 2747 506 2822 propter
521 2741 709 2821 specialem
728 2758 866 2822 quoque
884 2738 948 2804 Dei
968 2741 1258 2820 cooperationem

177 2865 296 2911 eorum
315 2847 427 2910 status
445 2851 523 2911 erat
541 2849 653 2910 status
672 2847 877 2911 celerrimae
895 2850 1001 2928 atque
1020 2846 1253 2914 harmonicae

176 2953 382 3018 evolutionis
406 2958 441 3018 et
463 2954 672 3019 accretionis
695 2971 756 3017 scu
781 2955 996 3018 crescentiae
1018 2955 1252 3036 (eoepacranis)

177 3063 330 3124 omnium
345 3080 467 3125 eorum
484 3062 626 3143 virium;
636 3062 811 3144 etquidem
821 3061 1026 3126 evolationis
1040 3065 1076 3126 et
1090 3081 1248 3144 progres-

177 3168 289 3250 sionis,
308 3187 399 3251 quae
417 3169 551 3234 directe
567 3169 755 3234 tendebant
768 3168 804 3231 in
818 3169 1044 3251 praecipuum
1056 3186 1248 3234 summum·

176 3293 244 3357 que
253 3294 373 3340 eorum
383 3278 591 3341 existentiae
600 3276 716 3358 finem,
726 3275 762 3338 in
773 3276 939 3340 moralem
953 3275 1019 3340 Dei
1028 3275 1248 3341 assimilatio-

285 3471 305 3535 1)
324 3469 499 3538 Cuusseerps,
520 3486 564 3538 op.
584 3485 607 3523 c.
628 3469 680 3537 III,
702 3474 717 3534 5
737 3470 780 3538 56,
801 3485 827 3537 p.
847 3469 908 3522 407.

285 3558 497 3626 ²)Cnuneecrp1,
527 3575 572 3627 op.
592 3575 615 3611 c.
636 3559 688 3625 ΙΙΙ,
715 3558 793 3626 556,
812 3575 837 3626 p.
857 3557 923 3624 4083
944 3586 976 3596 —
996 3558 1182 3628 Bpeuneenes,
1203 3576 1248 3630 op.

176 3661 201 3699 c.
221 3647 242 3715 Ι,
262 3664 288 3716 p.
310 3648 460 3715 res-199,
480 3649 589 3700 etalii.
755 3684 757 3689 .

193 3739 196 3744 '
284 3736 304 3804 8)
323 3736 496 3805 Cnmsecrpn,
518 3753 562 3805 op.
582 3753 605 3789 c.
626 3737 678 3805 III,
698 3742 713 3801 ἕ
734 3737 776 3805 56,
796 3752 823 3804 p.
843 3736 903 3790 408.

283 3829 303 3892 ⁴)
320 3827 455 3886 llebenesc
482 3827 530 3880 lm.
557 3843 601 3895 op.
628 3843 651 3880 c.
680 3844 707 3896 p.
734 3828 798 3893 1613
825 3856 857 3864 -
883 3826 1064 3892 liarnxnsnrs,
1089 3843 1114 3879 η.
1137 3830 1160 3895 1,
1187 3844 1212 3882 ο.
1234 3831 1248 3883 l

177 3930 217 3967 un.
236 3931 263 3983 p.
283 3916 326 3969 24.
