2872 4666
611 315 832 378 „12-

182 527 249 590 duo
272 528 503 591 concurrerit:
527 527 622 591 Deus
641 524 784 592 Creator
804 528 875 592 suis
894 529 990 592 donis
1010 546 1054 592 ac
1073 530 1256 594 beneficiis

180 640 216 698 et
239 634 334 698 Deus
358 634 517 715 prov1sor
540 635 612 698 suis
636 634 785 709 auxiliis
819 636 934 717 capite
958 633 995 697 3⁰
1016 637 1059 702 de
1083 637 1255 701 relatione

181 741 247 806 Dei
278 739 454 807 Creatoris
486 741 531 805 ad
564 741 713 823 primum
747 743 920 807 hominem
943 747 978 807 ot
1001 744 1116 824 capite
1138 741 1177 807 4ο
1209 744 1256 807 de

181 849 349 914 relatione
382 849 446 914 Dei
479 850 694 931 providentis
718 850 863 931 agimus.
896 851 1049 915 Tandem
1074 852 1190 933 capite
1216 850 1258 916 5⁰

180 957 413 1039 appendicum
455 959 566 1021 instar
608 958 767 1023 diversas
804 959 1022 1040 quaestiones
1064 956 1285 1041 tangimus,'

180 1083 271 1148 quae
294 1065 489 1129 doctrinam
514 1082 690 1129 russorum
715 1068 820 1130 etiam
844 1066 956 1148 magis
977 1067 1034 1131 vel
1052 1067 1259 1148 compleant

182 1173 240 1238 vel
265 1172 400 1236 claram
425 1171 581 1236 reddant.

618 1687 767 1754 CAPUT
790 1690 815 1753 Ι.

448 1885 982 1969 PROLEGOMENA.

661 2083 765 2092 ——-

290 2245 317 2306 1.
342 2240 429 2306 Cum
448 2261 522 2307 rem
541 2247 784 2321 tractaremus
809 2242 938 2325 duplex
958 2243 1054 2308 nobis
1073 2262 1111 2308 se
1124 2244 1262 2308 obtulit

178 2349 378 2413 difficultas.
412 2349 464 2412 Ex
490 2367 559 2413 una
583 2355 684 2430 parte
707 2367 788 2413 cum
812 2350 937 2431 dogma
962 2350 1004 2414 de
1028 2350 1158 2414 iustitia
1183 2353 1253 2417 ori-

178 2455 286 2539 ginali
318 2473 399 2518 cum
432 2456 581 2521 caeteris
605 2458 775 2538 dogmatis
799 2456 904 2520 valde
928 2474 1123 2521 connexum
1147 2462 1260 2537 esset,

178 2581 245 2626 non
270 2563 444 2643 potuimus
467 2565 613 2647 assequi,
638 2564 721 2646 quid
744 2565 835 2627 russi
862 2565 904 2628 de
927 2565 1046 2628 eodem
1070 2565 1260 2648 sentirent,

179 2669 242 2732 nisi
257 2669 475 2750 aliquomodo
496 2674 564 2733 toto
584 2688 703 2734 eorum
725 2670 915 2751 theologiae
930 2675 1121 2751 systemate
1140 2675 1256 2753 atque·

177 2777 330 2864 omnium
367 2777 568 2859 dogmatum
606 2778 792 2859 complexu
829 2778 915 2842 bene
956 2782 1145 2860 perspecto.
1193 2777 1258 2843 Ex

176 2883 290 2947 altera
314 2901 398 2947 vero
422 2889 521 2965 parto
545 2903 627 2949 cum
649 2885 741 2949 russi
765 2892 799 2948 et
818 2884 895 2948 allis
915 2903 1027 2968 saepe,
1051 2891 1156 2968 atque
1175 2903 1257 2969 nos,

177 2989 296 3071 eisque
329 2989 429 3071 vagis
463 2994 497 3054 et
528 2990 686 3055 obscuris
711 2991 866 3055 terminis
892 2997 1081 3074 uterentur,
1113 2998 1148 3056 et
1179 3010 1258 3074 eoS,

177 3096 235 3177 qui
260 3113 461 3161 communes
484 3085 608 3180 essent,
637 3099 705 3161 alio
729 3116 833 3180 saepe
857 3117 959 3177 sensu
983 3103 1089 3182 atque
1112 3099 1254 3165 ambitu*

178 3210 363 3286 sumerent,
383 3223 468 3286 opus
487 3209 572 3286 erat,
593 3206 833 3290 utaliquando
849 3206 986 3289 singula
1000 3223 1119 3271 eorum
1135 3207 1256 3271 verba

177 3312 279 3393 longo
302 3313 545 3380 subicerentur
569 3314 733 3376 examini.

285 3416 386 3497 Quae
405 3419 451 3482 ad
470 3437 545 3484 rem
564 3420 826 3502 intelligendam
846 3422 1044 3485 necessaria
1059 3440 1134 3486 esse
1148 3421 1257 3486 nobis

163 3524 351 3607 ¹videntur,
366 3533 537 3608 quantum
553 3529 691 3610 assequi
707 3528 813 3610 licuit,
823 3529 945 3610 paucis
955 3528 1255 3609 praemittimus¹).

286 3795 303 3856 ¹)
322 3789 481 3860 Sequimur
501 3793 687 3860 potissimum
708 3792 877 3862 linearium,
898 3799 1049 3862 practerea
1070 3793 1255 3862 Antonium,

175 3881 356 3947 Philareten,
383 3863 572 3947 Silvesl1·uni,
600 3880 762 3935 Bredkevib
781 3885 886 3937 ceteris
906 3899 1031 3952 quoque,
1058 3884 1110 3936 ubi
1129 3898 1175 3936 res
1196 3900 1251 3953 po-

175 3971 277 4039 stulat,
296 3971 445 4026 adhibitis.
