2872 4666
528 345 843 410 -135-.

40 557 260 629 praediti
275 562 390 622 essent
408 559 514 622 animi
534 559 686 640 viribus·
696 560 757 624 sed
776 560 842 626 hae
856 562 951 626 vires
965 562 1182 628 evolvendae

32 671 209 729 erant
235 665 524 748 excolendaeque.
549 666 675 729 Eorum
702 667 940 731 habitaculum
965 674 1018 734 est
1040 671 1105 734 sub
1128 670 1184 734 dio

43 762 122 836 in
152 772 281 851 hort03
315 775 447 837 vestem
479 772 576 837 initio
610 773 744 836 nullam
776 778 924 855 gestant,
958 779 1078 857 postea
1105 777 1180 840 lata

42 873 244 942 ficuum
267 878 369 941 folia»
385 879 431 958 ¹)...
478 879 521 942 Et
553 878 620 941 alio
654 881 741 943 loeo:
780 880 934 944 «Primus
967 882 1067 946 homo
1100 888 1182 948 ante

48 981 259 1068 lapsum,
284 984 402 1068 inquit,
422 990 461 1050 ut
480 986 575 1051 vitae
594 987 858 1052 necessitatibus
878 989 1105 1072 satisfaceret,
1124 990 1181 1054 ob-

48 1092 218 1157 tinere
256 1109 323 1154 non
355 1093 466 1174 potuit
498 1092 563 1157 nisi
595 1092 706 1157 arduo
737 1094 865 1175 labore,
897 1095 964 1159 nisi
996 1096 1182 1178 pugnando

45 1216 185 1265 eum
217 1217 339 1263 rerum
365 1205 511 1280 natura3
549 1201 609 1264 sed
646 1218 801 1282 pugna
833 1201 885 1266 de
916 1202 1183 1268 existentia

45 1311 233 1372 eontra
272 1306 412 1371 inimica
449 1324 567 1372 rerum
600 1314 749 1373 naturae
785 1309 957 1374 elementa
993 1311 1182 1375 evolutioni

45 1431 230 1479 eorum
265 1413 478 1477 naturalium
513 1431 593 1478 eum
626 1415 772 1495 eorpiris
805 1420 879 1478 tum
912 1416 1020 1479 animi
1053 1417 1183 1480 virium

56 1521 278 1602 proderat
300 1527 406 1603 atque
430 1520 564 1585 mobilis
587 1522 698 1586 instar
721 1521 921 1605 stimulique
943 1527 1020 1588 erat
1040 1523 1084 1587 ad
1104 1542 1184 1588 eon·

52 1630 202 1693 tinuo
229 1627 507 1691 aeeumulandas
531 1628 721 1692 materialis
746 1629 907 1693 culturae
930 1647 1030 1710 opes»
1046 1628 1075 1709 ll

215 1733 342 1816 Itaque
366 1735 523 1800 Svietlov
546 1738 580 1799 et
604 1735 877 1801 Roidestvenski
911 1737 962 1800 sio
994 1755 1068 1802 rem
1101 1754 1182 1802 oum

47 1840 258 1908 scientia
283 1845 501 1923 componunt,
528 1845 564 1904 ut
587 1842 799 1906 solummodo
823 1847 993 1924 quantum
1028 1843 1073 1906 ad
1106 1861 1182 1924 per·

52 1953 91 2014 f
94 1949 296 2017 eetionem
306 1947 502 2031 religiosam
517 1949 753 2032 moralemque
763 1951 899 2031 negent,
909 1953 1080 2031 quantum
1095 1968 1180 2015 vero

51 2059 139 2124 ad
174 2055 427 2138 perlectionem
446 2056 664 2122 materialem
683 2057 878 2121 ooneedant
902 2057 1053 2138 primum
1076 2059 1183 2123 homi·

60 2181 186 2230 nem
215 2180 285 2225 non
308 2162 413 2227 fuisse
437 2162 502 2226 nisi
525 2164 638 2244 gradu
661 2163 819 2242 infim0³).

224 2393 243 2456 ¹)
261 2392 498 2447 Potaneeraonenilt.
518 2407 563 2460 op.
583 2408 606 2446 c.
628 2393 664 2460 ΙΙ,
684 2409 711 2461 p.
731 2393 791 2448 ⁶288.

223 2484 244 2548 ²)
264 2480 305 2534 ld.
326 2497 369 2550 op.
389 2497 414 2540 e,
434 2481 471 2548 ΙΙ,
490 2498 518 2550 p.
538 2482 598 2536 299.
620 2512 652 2522 -
671 2481 784 2552 Nescio,
810 2483 957 2551 quomodo
984 2485 1056 2538 haee
1080 2499 1183 2552 pugna

76 2576 136 2629 de
161 2572 328 2625 existentia
346 2572 482 2639 componi
501 2572 592 2638 possit
617 2587 685 2625 eum
705 2573 747 2624 eis
767 2587 845 2640 quae
863 2573 954 2626 eeteri
974 2575 1051 2626 russi
1077 2574 1184 2627 doeont

88 2667 173 2719 sive
194 2661 234 2714 de
253 2661 340 2714 beata
359 2661 418 2728 illa,
447 2661 527 2714 felici
555 2677 589 2715 ae
615 2662 730 2729 placida
755 2678 844 2731 quam
875 2663 961 2716 homo
988 2664 1018 2716 in
1045 2663 1182 2732 paradiso

89 2751 242 2820 degebat
262 2749 333 2815 vita,
353 2751 416 2803 sive
434 2749 471 2803 de
492 2752 621 2818 perfeeto
641 2751 692 2804 illo
711 2751 790 2819 quod
810 2751 923 2804 homini
942 2753 1130 2821 competebat
1149 2754 1181 2806 in

95 2856 213 2896 rerum
234 2844 371 2893 naturam
386 2840 522 2908 imperio,
543 2841 605 2893 sive
624 2839 660 2894 de
680 2842 732 2894 illa
751 2842 905 2894 harmonia
930 2857 1008 2910 quae
1035 2842 1114 2895 inter
1134 2842 1184 2895 ho·

100 2933 224 2985 minem
253 2934 425 2996 ceterasque
455 2943 500 2981 res
527 2930 686 2996 regnabat:
715 2929 846 2998 Marapill.
872 2930 978 2983 Borean
999 2930 1020 2997 Ι,
1045 2935 1060 2994 ξ
1081 2931 1128 2993 85;
1149 2961 1182 2969 -

102 3022 295 3090 Bpenncnnrs,
320 3033 364 3085 op.
387 3032 410 3071 e.
431 3018 452 3085 Ι,
481 3034 508 3086 p.
529 3018 683 3086 197-1993
702 3035 729 3087 p.
750 3019 905 3085 230-2313
926 3050 958 3057 —
977 3019 1116 3089 inrepens
1135 3036 1181 3089 op.

105 3127 132 3164 e.
154 3109 178 3176 I,
199 3111 216 3172 ξ
237 3107 289 3160 130
307 3115 337 3161 et·
358 3107 421 3172 131;
442 3139 473 3145 —
494 3107 668 3176 Carmmrpn,
689 3123 735 3176 op.
754 3124 778 3160 e.
798 3108 851 3175 ΙΙΙ,
871 3113 886 3173 5
905 3109 1021 3163 56-57.

222 3200 243 3262 ³)
261 3194 320 3250 Soli
341 3195 484 3258 Cslsmorrs,
512 3213 557 3266 op.
576 3212 600 3250 e.
621 3197 657 3265 ΙΙ,
683 3201 698 3262 ἓ
717 3198 761 3263 39,
781 3213 807 3266 p.
827 3198 933 3252 58-64
951 3203 982 3251 et
1000 3199 1181 3257 Pomromnea-

108 3287 181 3341 ouili.
201 3301 246 3353 op.
267 3301 290 3339 o.
312 3285 348 3352 ΙΙ,
369 3302 395 3354 p.
415 3286 558 3340 rat-295
577 3287 684 3352 exeis,
703 3302 777 3355 quos
793 3302 864 3356 prae
878 3288 1015 3341 manibus
1030 3286 1183 3354 habemus,

112 3377 169 3428 hae
189 3374 303 3427 rationo
323 3374 444 3427 bibliam
464 3389 532 3427 eum
553 3375 677 3428 seientia
695 3380 885 3444 componunt.
906 3405 938 3412 —
958 3375 1019 3428 Alii
1034 3377 1083 3428 vel
1099 3391 1183 3445 prae·

110 3469 234 3517 tereunt
253 3462 329 3517 hane
347 3466 560 3531 quaestionem,
585 3465 634 3516 vol
654 3465 708 3517 sub
726 3465 785 3517 alio
804 3469 940 3533 respectu
960 3478 1022 3517 rem
1043 3469 1181 3533 tangunt,

111 3558 146 3607 ut
165 3552 340 3622 Cenaeum,
362 3553 413 3615 ΙΙΙ,
434 3557 449 3617 5
468 3554 512 3618 58,
532 3569 558 3621 p.
577 3552 728 3607 lla-426.
755 3553 844 3607 quta
870 3569 960 3623 quern
979 3569 1061 3608 error
1080 3569 1182 3608 eorum

108 3642 165 3712 qui
185 3642 315 3710 primum
335 3642 484 3695 hominem
499 3643 531 3694 in
546 3646 628 3695 statu
642 3642 768 3695 barbaro
783 3647 899 3711 ponunt
919 3644 949 3695 in
969 3657 1003 3697 eo
1022 3643 1181 3711 praecipue

107 3731 255 3798 consistit,
275 3730 354 3799 quod
374 3737 495 3785 censent
515 3731 669 3798 religiosas
689 3731 875 3800 moralesque
895 3732 958 3784 eius
985 3733 1064 3785 vires
1090 3733 1182 3785 fuisse

111 3821 231 3890 sopitas,
260 3835 329 3874 eum
358 3833 417 3872 non
445 3819 543 3888 egisse
570 3820 627 3872 nisi
653 3820 790 3873 animalis
809 3821 968 3873 instinctus
987 3822 1107 3875 ductu...
1127 3821 1185 3888 (ΙΙ).

111 3927 138 3980 p.
158 3909 230 3975 714).
269 3906 324 3962 Cul
343 3908 495 3961 doetrinae
515 3906 658 3962 Silvester
676 3909 797 3977 opponit
816 3909 1060 3978 propositionem:
1082 3925 1183 3978 ‹prae-

107 3999 341 4069 supponendum
361 4002 406 4050 est
425 3997 456 4050 in
476 3999 570 4065 primo
596 3998 713 4050 homine
743 3998 833 4051 luisse
859 3999 997 4066 aliquem,
1023 4014 1098 4067 quae
1126 3999 1183 4067 ipsi
