2872 4666
551 367 791 434 -155-

80 562 298 646 Nonnum
334 581 440 647 eoam
472 582 515 646 ue
547 581 680 645 visione
712 580 777 646 uer
810 582 900 647 raca
932 583 978 646 aa
1005 583 1133 648 faeiem
1157 583 1202 647 10-

82 687 292 753 <luuntur
304 687 334 767 1).

240 795 428 879 Praeterea
452 795 629 860 Macarius
653 795 719 860 hoc
742 797 818 860 loco
836 797 1014 877 subiungit
1028 796 1202 861 Adamum

80 895 336 996 prophetiae
367 920 504 985 quoque
537 903 625 966 dono
657 903 856 985 praeditum
888 904 1007 984 fuisse;
1045 904 1110 968 hoo
1145 905 1202 969 ille

76 999 238 1074 lnl'ert
263 1028 308 1074 ex
330 1029 381 1090 eo,
402 1010 494 1092 quod
517 1010 631 1073 Adam
650 1011 817 1093 originem
837 1028 922 1074 suae
942 1012 1060 1074 uxoris
1079 1029 1202 1092 cogno-

74 1101 164 1168 vit
205 1121 245 1183 et
269 1117 554 1200 propagationem
576 1118 713 1199 generis
736 1117 880 1180 humani
905 1117 1078 1198 praedixit
1109 1116 1202 1197 (Gen.

69 1195 120 1279 2>
165 1220 339 1302 23-24).
367 1222 465 1288 «Sine
487 1224 599 1307 dubia,
622 1224 742 1307 inquit,
773 1225 851 1290 fieri
875 1244 943 1289 non
967 1226 1086 1306 potuit,
1119 1225 1203 1307 quin

67 1304 249 1395 A(leam
273 1331 501 1396 haecomnia
525 1331 699 1414 etquidem
722 1332 773 1396 sic
797 1333 909 1396 subito
932 1333 1086 1396 naturali
1119 1351 1202 1416 qua-

64 1404 213 1501 dam
238 1439 441 1502 coniectura
468 1439 681 1520 perspiceret
703 1439 983 1522 explicaretque»
999 1437 1029 1518 ¹).
1058 1439 1123 1506 Sed
1142 1441 1202 1502 alii

64 1512 294 1626 theologi,
318 1547 355 1607 ut
378 1545 570 1610 Philaretes
588 1527 722 1629 Cernig.
747 1546 951 1625 Bredkevid,
971 1545 1128 1611 Svietlov
1146 1565 1201 1611 ne

66 1630 219 1715 g&nt
243 1652 418 1716 Adamum
442 1653 530 1717 haec
550 1647 597 1718 ¹en
621 1653 775 1734 quadam
807 1652 1031 1734 inspiratione
1063 1653 1202 1736 cognita

68 1714 314 1839 habuisse
344 1776 463 1824 eorum
499 1760 670 1825 sententia
703 1759 816 1824 Adam
851 1754 1004 1823 naturali
1037 1758 1203 1823 instinctu

71 1837 196 1928 &Qu
219 1884 313 1945 vago
337 1866 488 1948 quodam
512 1885 616 1930 sensu
638 1884 767 1947 eorum,
800 1884 890 1948 quae
923 1867 959 1930 in
992 1884 1111 1929 somno
1144 1866 1202 1930 lie-

76 1925 229 2055 bant,
253 1973 299 2036 ad
322 1973 414 2036 hanc
440 1973 598 2037 notitiam
622 1974 781 2054 pervenit
793 1971 822 2050 Β).
857 1972 925 2036 Alii
948 1974 1086 2038 demum
1111 1974 1203 2038 theo-

83 2031 203 2160 lQgi
225 2081 331 2162 plane
354 2081 487 2145 silentio
512 2084 736 2162 praetereunt
758 2082 823 2145 hoc
846 2082 1002 2145 iactum.

244 2187 360 2271 Atque
391 2189 486 2252 hisce
519 2188 704 2252 constabat
736 2188 797 2251 illa
831 2189 1033 2253 educatoria
1056 2206 1100 2251 ac
1124 2205 1202 2269 pae-

100 2282 307 2377 Qagogica
323 2279 388 2359 Dei
403 2295 538 2376 providi
558 2311 654 2376 cura,
669 2312 775 2378 quam
792 2295 999 2375 Macarius⁴)
1017 2295 1067 2359 sic
1082 2294 1205 2377 paucis

105 2401 393 2482 vompleetitur:
421 2402 493 2465 «Ad
512 2402 726 2466 exercendas
744 2403 1027 2483 evolvendasque
1051 2402 1204 2483 corporis

110 2610 170 2652 vx
191 2597 288 2649 altera
313 2601 398 2663 parte
420 2595 488 2648 fieri
506 2610 566 2648 non
592 2600 699 2663 potest,
727 2596 796 2663 quin
827 2595 907 2648 Deus
936 2595 1012 2648 hanc
1032 2595 1203 2663 imaginem,

112 2701 226 2757 quam
247 2685 445 2753 impresserat,
465 2684 520 2738 hoc
538 2685 676 2738 naturale
694 2684 822 2738 hominis
840 2682 1029 2746 desiderium,
1048 2683 1124 2736 hanc
1138 2688 1204 2736 ten·
1228 2707 1230 2710 ·

116 2774 269 2830 dentiam
288 2787 378 2841 quam
398 2773 547 2827 humanae
565 2784 692 2827 naturae
712 2773 870 2839 indiderat,
897 2773 1016 2825 inanem
1041 2772 1204 2840 relinquat3

117 2877 207 2933 ergo
236 2862 325 2928 Deus,
353 2877 412 2930 qua
441 2862 590 2930 benignus
618 2867 649 2917 et
677 2863 797 2916 infinite
825 2862 919 2914 honus
951 2866 1004 2928 est,
1039 2862 1204 2914 benevolus

120 2954 265 3011 occurrit
283 2952 362 3005 hisce
380 2959 536 3006 creaturae
559 2952 734 3020 indigentiis
760 2957 790 3004 et
816 2952 986 3019 exigentiis.
1024 2950 1124 3018 Atque
1149 2952 1205 3003 hac

123 3043 266 3106 ratione⁴
281 3041 386 3110 religio
415 3056 467 3095 scu
496 3041 601 3094 foedus
628 3042 707 3094 inter
736 3041 834 3093 Deum
864 3045 893 3093 et
921 3040 1069 3092 hominem
1096 3041 1204 3092 consti·

127 3133 243 3188 tuitur.

245 3220 265 3285 ¹)
283 3220 463 3287 Epomemra,
493 3234 538 3289 op.
558 3235 581 3272 a.
601 3219 623 3287 Ι,
642 3236 669 3288 p.
689 3219 755 3283 2293
775 3249 809 3256 -
829 3218 955 3283 Ausonii,
983 3235 1077 3286 apxmt.
1103 3216 1202 3279 florue-

127 3326 260 3365 rnueonoe
285 3309 445 3362 Boroonoaie.
465 3309 530 3365 Idan.
550 3308 575 3362 7.
595 3307 671 3362 CIIB.
700 3309 777 3375 1862,
805 3306 899 3375 5158,
926 3323 953 3375 p.
974 3307 1033 3359 131.
1054 3335 1086 3345 -
1108 3304 1204 3360 Ceteri

129 3399 269 3466 theologi
287 3412 347 3452 non
366 3399 482 3450 faciunt
503 3398 684 3452 mentionem
704 3398 794 3450 huius
812 3397 943 3464 visionis,
971 3411 1039 3449 cum
1066 3395 1103 3448 de
1123 3399 1204 3448 statu

131 3492 381 3559 protoparentum
400 3477 507 3555 agunt:
526 3486 676 3550 Quomodo
696 3503 766 3540 vero
786 3501 851 3538 eam
872 3483 1032 3538 Bredlrevih
1058 3490 1087 3537 et
1112 3483 1203 3536 Anto·

134 3581 203 3633 nius
223 3577 405 3645 intelligant,
425 3577 574 3630 incertum
594 3580 652 3642 est3
671 3591 730 3628 non
749 3575 912 3628 declarant.
1015 3627 1028 3640 ,

245 3667 265 3730 ¹)
282 3665 414 3734 Manapih.
434 3665 538 3718 Beroen.
559 3665 581 3733 I,
602 3669 617 3729 ξ
637 3665 680 3730 85,
702 3680 729 3732 p.
749 3664 899 3718 aia-473.

245 3756 266 3820 8)
285 3754 424 3823 (ilnuapem
441 3755 523 3824 ‘lepra
550 3770 595 3822 op.
620 3770 644 3806 c.
671 3754 692 3821 l,
722 3754 818 3819 5128,
837 3769 864 3821 p.
885 3753 949 3818 1973
971 3782 1002 3790 -
1022 3751 1204 3820 Bpeuneaum,

139 3859 181 3912 op.
209 3860 234 3898 c.
262 3843 284 3913 Ι,
312 3861 340 3914 p.
371 3845 434 3912 1963
467 3875 501 3883 —
531 3843 675 3907 Cahruoas,
709 3859 754 3912 op.
783 3859 806 3895 c.
833 3843 869 3910 Il,
898 3846 912 3906 ξ
938 3842 980 3908 39,
1008 3857 1034 3908 p.
1054 3841 1102 3906 583
1127 3841 1203 3893 coni.

142 3945 214 3998 quae
234 3946 325 4002 supra
342 3947 369 4000 p.
390 3933 539 3987 104-106.

244 4021 267 4086 ⁴)
286 4020 418 4090 Manapiii.
437 4021 541 4074 Beroen.
561 4020 583 4088 1,
603 4037 648 4089 op.
668 4036 691 4073 e.
712 4024 728 4084 ἓ
748 4021 790 4087 85,
811 4036 837 4088 p.
857 4019 918 4073 468.
