2872 4666
641 329 881 395 -134-

228 562 350 609 rarnm
373 543 515 623 artium;
549 547 694 607 utuntur
728 543 839 606 solum
871 542 925 607 his
957 561 1049 626 quae
1081 548 1217 608 natura
1239 547 1311 608 fert

230 655 350 732 mater,
374 651 423 714 ita
444 655 482 713 ut
499 668 611 733 neque
630 656 764 715 vestem
783 651 944 714 habeant.
968 648 1136 717 Cetturae
1157 652 1311 732 primor-

229 759 287 823 dia
311 762 398 825 teste
421 757 603 839 Scriptura
627 761 800 839 apparent
822 775 911 822 aevo
935 757 1043 822 multo
1066 759 1263 839 posteriore
1279 759 1311 837 ¹).

229 867 271 930 In
281 866 417 948 generis
432 866 575 928 humani
590 865 730 929 cultura
745 866 812 930 duo
827 870 909 929 sunt
923 866 1029 946 probe
1043 865 1309 948 distinguenda:

230 973 396 1054 perfectio
411 972 602 1036 materialis
613 972 822 1053 etperfectio
838 972 978 1064 moralis
988 972 1203 1054 (spiritualis)
1212 990 1307 1054 quae

231 1097 335 1160 saepe
349 1078 454 1143 valde
469 1078 610 1143 diversa
624 1084 706 1142 sunt
724 1078 885 1143 invicem.
900 1077 1080 1159 Scriptura
1096 1096 1204 1142 sacra
1220 1097 1304 1142 cum

229 1187 274 1252 de
284 1204 413 1271 magna
423 1186 525 1267 primi
536 1186 682 1250 hominis
693 1187 903 1267 perfectione
913 1185 1074 1269 loquitur,
1089 1203 1177 1268 prae
1192 1185 1305 1250 oculis

231 1295 337 1359 habet
369 1312 459 1376 quae
492 1293 601 1375 pluris
633 1299 686 1358 est
718 1293 963 1375 perfectionem
998 1292 1063 1357 sub
1095 1293 1162 1358 hoc
1193 1294 1305 1358 altero

231 1405 393 1482 respectu
417 1399 685 1464 consideratam:
719 1401 887 1464 moralem
919 1400 1053 1464 scilicet
1076 1405 1111 1464 et
1134 1418 1206 1464 non
1230 1417 1302 1463 ma·

232 1508 400 1587 terialem,
432 1526 523 1590 quae
546 1525 591 1572 ex
614 1524 722 1571 cursu
746 1508 910 1588 temporis
933 1508 1068 1588 pendet.
1115 1507 1209 1589 Ergo
1242 1525 1301 1570 an·
1396 1561 1429 1570 ,

232 1615 467 1696 thropologiae
491 1613 724 1678 testimonium
748 1613 895 1679 fidenter
915 1631 1097 1695 possumus
1116 1615 1293 1696 suscipere

232 1722 316 1805 quin
340 1723 376 1785 in
400 1722 563 1786 dessensu
587 1740 609 1784 a
633 1720 816 1803 Scriptura
840 1724 967 1785 simus»
982 1719 1011 1799 ¹).
1218 1712 1221 1717 ’

340 1831 369 1893 2.
385 1829 512 1893 Eodem
528 1822 626 1893 modo
636 1833 671 1893 et
681 1830 817 1894 celeber
826 1847 1006 1893 russorum
1021 1829 1205 1910 apologeta
1218 1828 1301 1892 Rei·
1351 1868 1389 1876 -
1417 1836 1428 1895 .³

232 1937 435 2002 destvenski
451 1935 600 1999 Bibliam
614 1953 695 2000 cum
710 1936 855 2001 scientia
865 1935 1052 2027 componit3
1068 1940 1104 2000 et
1114 1934 1173 1999 ille
1187 1935 1302 1998 distin·
1336 1973 1370 1981 -
1394 1957 1429 1997 ι

233 2046 307 2126 guit
321 2044 411 2109 inter
427 2045 673 2125 perfectionem
691 2044 837 2106 hominis
852 2061 897 2108 ex
908 2059 978 2106 una
989 2045 1091 2124 parte
1104 2043 1301 2125 religiosam
1371 2064 1404 2097 ι
1425 2063 1432 2094 ι

233 2150 478 2233 moralemque,
489 2169 534 2216 ex
544 2153 656 2216 altera
668 2150 1073 2231 materialemRespectu
1083 2149 1177 2213 illius
1189 2148 1301 2213 condi·
1333 2182 1378 2192 -—
1392 2143 1428 2204 i

235 2259 362 2322 tionem
378 2257 479 2338 primi
499 2257 645 2321 hominis
664 2257 748 2320 dicit
768 2257 876 2320 altam
895 2257 1011 2320 fuisse.
1026 2256 1201 2337 Respecto
1222 2274 1304 2321 vero
1319 2264 1436 2313 οἻ

1294 1665 1302 1695 ²
1375 1675 1404 1705 ς

234 2365 349 2428 huius:
364 2364 506 2446 «Brona,
520 2365 632 2447 inquit
648 2364 714 2447 ille,
729 2364 865 2427 nullum
879 2363 1145 2427 fandamentum
1162 2362 1429 2444 praebetse

234 2473 280 2536 ad
290 2471 552 2553 supponendum
569 2473 697 2552 primos
713 2471 867 2536 homines
882 2474 1053 2553 quantum
1064 2469 1110 2534 ad
1125 2471 1304 2534 culturam
1329 2472 1435 2528 ΕΙ]

235 2581 271 2642 in
294 2580 365 2642 alto
388 2580 594 2644 evolationis
617 2579 730 2659 gradu
754 2579 869 2642 fuisse.
915 2577 988 2640 Etsi
1021 2577 1158 2641 eximiis
1192 2577 1238 2640 ad
1272 2576 1305 2639 id
1328 2560 1430 2633 El

237 2787 451 2794 .-—--———--

346 2902 365 2964 ¹)
384 2898 528 2952 Notamus
556 2904 708 2952 auctorem
741 2898 789 2950 hic
816 2895 1001 2950 confundere
1033 2901 1146 2949 statum
1181 2895 1309 2948 hominis
1334 2900 1367 2934 ο·

236 2995 307 3043 ante
320 2983 441 3057 'lapsum
461 3005 529 3042 cum
549 2993 630 3041 statu
651 2993 715 3055 post
735 2988 864 3055 lapsum3
890 2990 981 3054 atque
1000 3000 1045 3051 ea,
1071 2999 1150 3054 quae
1170 2999 1192 3037 s.
1212 2982 1309 3052 Scrip-

236 3086 304 3133 tura
323 3078 360 3130 de
380 3078 434 3130 hcc
453 3085 564 3143 narrat,
591 3078 751 3129 transferre
778 3076 815 3129 ad
841 3075 935 3128 illum.
973 3074 1116 3127 Attamen
1142 3073 1311 3126 fatentibus

237 3168 374 3221 omnibus
393 3167 485 3219 russis
505 3168 583 3219 inter
601 3171 764 3234 utrumque
791 3165 869 3217 hunc
888 3168 999 3217 statum
1024 3161 1184 3215 intercedit
1209 3161 1309 3216 discri-

236 3272 304 3310 men
324 3257 416 3324 idque
435 3257 608 3308 maximum.
630 3254 750 3308 Vestem
769 3269 840 3307 vero
860 3254 973 3320 primus
993 3265 1100 3320 parens
1119 3265 1180 3304 non
1196 3251 1312 3320 habuit,

237 3346 308 3414 quia
328 3360 387 3398 non
406 3343 552 3412 indiguit:
572 3343 739 3411 indigentia
759 3348 860 3396 autem
880 3357 939 3395 non
959 3344 1004 3394 est
1018 3341 1141 3407 signum
1156 3340 1313 3408 perfectio

236 3436 291 3487 nis.
328 3433 513 3501 Quapropter
538 3435 604 3486 iure
632 3435 736 3487 merito
763 3433 792 3484 id
819 3431 898 3501 quod
925 3436 1027 3485 nostra
1051 3429 1160 3482 misera
1179 3429 1314 3484 conditio

237 3529 268 3575 et
286 3533 370 3574 veste
390 3521 506 3588 indiget
526 3527 555 3574 et
574 3523 640 3574 aliis
660 3522 796 3589 pluribus
815 3535 893 3588 quac
907 3520 1002 3588 primo
1016 3517 1134 3587 parenti
1149 3532 1211 3571 non
1227 3524 1315 3574 erant

237 3627 360 3679 opus-
380 3612 431 3664 alii
452 3612 582 3679 theologi
602 3612 692 3665 etiam
713 3611 790 3663 russi
810 3614 843 3662 ut
863 3610 1012 3677 sequelam
1040 3607 1154 3676 peccati
1181 3609 1317 3663 conside·

238 3706 318 3754 rant:
339 3717 404 3768 vgr.
426 3702 606 3768 chnrreenun,
630 3718 676 3770 op.
695 3717 718 3754 c.
739 3702 760 3765 l,
788 3716 815 3768 p.
836 3700 900 3766 1973
928 3729 959 3736 -
986 3698 1127 3765 (Dnnapers
1151 3696 1240 3766 1Ieprr.
1271 3714 1318 3768 op.

240 3806 264 3843 c.
285 3790 306 3856 1,
328 3794 343 3852 ἓ
364 3791 422 3856 130,
442 3807 468 3858 p.
491 3792 541 3844 199
560 3792 666 3843 etalii.

349 3882 367 3943 ²)
386 3879 531 3942 Calamona,
552 3895 596 3946 op.
617 3896 640 3933 c.
661 3881 698 3945 ΙΙ,
719 3885 733 3944 ἕ
753 3881 795 3947 39,
817 3897 842 3947 p.
863 3880 977 3933 61-62.
