2872 4666
677 261 896 327 „rg-

248 474 394 538 hominis
408 479 443 539 et
456 477 644 540 facultates
664 477 728 537 ium
747 476 815 555 ipso
835 474 968 539 rationis
986 475 1103 540 iumine
1121 465 1332 541 monstrant

249 589 470 664 tanquam
494 584 649 662 solum,
682 583 759 665 qui
793 582 985 645 admitti
1013 587 1178 665 potest,
1211 571 1336 647 ulti·

141 750 145 757 .
248 690 1345 774 mumrationalisnaturaetinem.Sedinquo·

249 814 330 860 nam
353 798 510 861 futurum
534 798 646 877 fuerit,
671 801 709 861 ut
732 798 820 862 haee
844 797 946 879 primi
969 798 1116 862 hominis
1140 789 1355 863 beatitudo
1430 818 1432 823 ¹

248 908 401 987 aeterna,
438 906 526 971 haee
563 906 639 969 vita
671 909 815 970 aeterna
849 908 1006 987 praecise
1029 909 1216 988 constaret,
1249 913 1359 969 Ποῖ)

248 1011 437 1094 loquuntur
456 1014 521 1077 hoe
539 1014 688 1077 articulo
707 1015 772 1077 nisi
791 1014 982 1096 generatim
1006 1014 1217 1095 appellando
1240 1032 1314 1078 cru.-
1329 1019 1364 1067 m

250 1119 348 1182 modo
372 1121 563 1184 maximam
582 1120 646 1186 Dei
666 1121 949 1185 assimilationem
968 1139 1029 1186 seu
1048 1121 1374 1188 similitudinems

249 1226 347 1290 modo
376 1229 553 1293 «unionem
577 1247 657 1293 curn
683 1227 765 1310 Deo,
797 1228 832 1291 in
856 1246 927 1310 qua
951 1229 1052 1292 homo
1076 1229 1188 1292 omnis
1214 1217 1377 1293 stuclii

248 1335 354 1415 atque
390 1335 658 1415 exspectationis
701 1335 855 1400 inveniet
890 1335 1141 1416 expletionem»
1157 1336 1186 1417 ¹),
1220 1354 1275 1400 mo
1290 1327 1386 1391 ado

252 1440 571 1524 «participationem
610 1443 750 1507 divinae
781 1442 970 1507 essentiae»
988 1440 1017 1520 't
1064 1441 1388 1507 Verumtam-en

249 1565 328 1610 cum
352 1549 432 1612 finis
457 1550 602 1614 hominis
634 1551 826 1616 innocentis
859 1556 894 1615 et
917 1550 1006 1631 lapsi
1030 1550 1120 1616 idem
1145 1552 1198 1631 sit,
1227 1562 1394 1634 qu--ae

249 1657 313 1721 hoc
336 1657 485 1721 articulo
509 1658 707 1739 reticentur,
740 1659 815 1722 iure
848 1656 969 1722 merito
1000 1676 1046 1721 ex
1082 1659 1131 1723 eis
1164 1653 1392 1740 supplex-ert

249 1770 392 1846 possunt
446 1784 537 1848 quae
589 1768 742 1831 tractatu
795 1767 837 1831 de
888 1765 1085 1830 novissimis
1136 1766 1416 1859 docenti-au„

248 1871 314 1938 Sed
351 1892 432 1937 cum
469 1875 620 1955 primum
653 1874 697 1938 ad
731 1876 824 1937 hunc
857 1877 1050 1937 tractatum
1083 1877 1136 1937 est
1168 1877 1390 1939 vena-n

248 1981 338 2045 russi
363 1981 475 2044 subito
498 1981 635 2045 modum
662 1999 705 2045 ac
729 1981 899 2046 rationem
921 1981 1141 2046 discurrendi
1164 1995 1382 2044 comptu-

249 2091 339 2166 tant;
363 2087 508 2152 ulterius
531 2090 600 2150 iam
625 2106 693 2151 non
717 2088 909 2170 procedunt
928 2087 999 2152 solo
1017 2088 1164 2151 rationis
1187 2087 1275 2151 lumi
1299 2099 1374 2157 Tae

248 2196 367 2277 innixi,
400 2199 565 2260 naturam
597 2197 730 2261 scilicet
762 2197 909 2260 hominis
932 2200 967 2261 et
989 2197 1179 2261 facultates
1213 2197 1356 2277 respi-

248 2303 378 2385 ciendo,
410 2305 470 2368 sed
494 2305 539 2368 ad
562 2304 780 2386 Scripturam
806 2304 951 2369 Sacram
974 2310 1009 2369 et
1032 2308 1174 2369 sanctos
1198 2305 1342 2369 Patr-es

248 2418 444 2476 recurrunt.
491 2412 604 2494 Atque
629 2412 679 2475 sie
702 2413 773 2474 iam
797 2411 1101 2476 revelatione
1132 2408 1325 2475 auxilio

249 2524 422 2584 vocata
455 2521 624 2584 definiunt
656 2526 690 2585 et
723 2521 902 2600 explicant
934 2519 1030 2582 illam
1068 2519 1314 2584 beatitudiuem

248 2631 437 2710 aeternam,
461 2645 567 2709 quam
590 2628 666 2708 ipsa
690 2627 837 2690 hominis
861 2633 989 2690 natura
1012 2627 1194 2691 ostendere
1213 2631 1310 2690 etex·

248 2736 342 2817 igere
365 2735 555 2816 dicebatur,
579 2752 669 2816 quae
694 2735 766 2796 sola
786 2735 931 2797 hominis
950 2736 1099 2798 naturae
1118 2750 1313 2815 correspon-

249 2842 330 2907 dere
353 2860 396 2905 ac
421 2824 680 2923 proportionata
704 2860 779 2906 esse
802 2841 1030 2905 statuebatur.

357 2949 554 3031 Utcumque
577 2950 682 3013 etiam
706 2949 741 3011 in
760 2950 836 3013 vita
855 2951 998 3013 aeterna
1018 2947 1200 3012 beatorum
1221 2965 1318 3013 enar-

249 3058 361 3120 randa
380 3057 675 3139 concipiendaque
690 3074 758 3119 non
773 3055 897 3120 desunt
911 3056 1085 3138 quaedam
1099 3055 1325 3123 differentiae

146 3198 151 3212 ·
248 3166 340 3228 inter
371 3181 488 3227 russos
521 3164 694 3245 theologos
727 3164 762 3227 et
794 3162 982 3226 catholicos
995 3161 1024 3243 ³),
1062 3164 1181 3226 tamen
1215 3162 1247 3226 si
1279 3162 1327 3248 id,

359 3400 379 3462 ¹)
398 3394 571 3462 Crrutscerpn,
592 3409 637 3461 op.
657 3409 680 3445 c.
703 3392 752 3456 ΙΙΙ,
774 3396 789 3456 5
808 3392 851 3459 44,
872 3407 898 3459 p.
919 3391 979 3444 280.

358 3488 378 3549 Ι)
397 3485 522 3549 Annouiri,
543 3499 587 3551 op.
607 3498 630 3536 c.
651 3486 665 3545 ἕ
686 3482 744 3548 125,
765 3497 791 3549 p.
813 3481 872 3534 lta

358 3578 379 3638 ³)
397 3574 462 3627 Non
477 3573 697 3626 consideramus
713 3571 760 3623 hic
774 3569 990 3623 beatitudinem
1005 3573 1039 3621 ut
1055 3572 1181 3634 statum;
1199 3567 1331 3638 integer

251 3669 395 3717 tractatus
414 3663 450 3715 dc
470 3665 525 3715 hac
543 3679 575 3715 re
595 3665 671 3714 esset
691 3659 876 3720 scribendus;
896 3658 1042 3727 quaedam
1063 3657 1121 3710 iam
1137 3657 1168 3709 in
1183 3660 1328 3727 prolego-

250 3754 345 3806 menis
364 3753 493 3804 diximus
512 3751 588 3803 Adn.
605 3767 631 3819 p.
649 3751 761 3803 13-16.
783 3779 815 3786 -
836 3747 892 3801 Hie
916 3747 1105 3801 ostendemus
1125 3746 1331 3818 solummodo,

249 3845 280 3897 in
301 3859 428 3911 quonam
449 3842 525 3895 russi
544 3839 739 3895 beatitudinis
767 3839 909 3891 esentiam
937 3843 1057 3905 ponant,
1083 3835 1174 3905 idque
1201 3839 1330 3893 nonnisi

250 3933 418 3986 summatim
439 3937 469 3983 et
488 3931 597 3983 cursim
618 3929 731 3981 omissis
751 3928 849 3980 dubiis
868 3933 898 3981 et
917 3926 1121 3980 controversis.
1150 3962 1153 3969 -
