2872 4666
174 1396 270 1490 DE
291 1393 493 1492 STATU
518 1394 842 1493 IUSTITIAE
858 1395 1246 1493 ORIGINALIS.

417 1579 637 1664 Divisio
662 1579 1004 1664 sancturus.

289 1911 405 1974 Tertia
437 1911 668 1976 obiectionum
701 1912 824 1976 classis
849 1930 937 1995 quas
959 1913 1051 1976 russi
1075 1913 1250 1977 adversus

174 2019 372 2084 catholicos
396 2023 536 2102 ponunt,
571 2023 609 2082 ut
641 2020 801 2100 vidimus,
835 2021 932 2084 circa
956 2020 1124 2084 iustitiam
1147 2021 1247 2101 origi·

179 2128 297 2191 nalem
321 2130 356 2190 et
378 2127 546 2209 originale
570 2129 754 2208 peccatum
780 2131 953 2192 versatur.
987 2127 1157 2191 Primario
1176 2128 1250 2210 qui·

175 2233 259 2297 dem
279 2237 313 2296 et
327 2233 566 2314 principaliter
586 2234 787 2315 polemistae
806 2232 897 2297 russi
911 2238 1114 2316 oppugnant
1133 2234 1249 2297 catho-

180 2340 287 2405 licam
311 2341 504 2405 doctrinam
529 2342 571 2405 de
594 2345 740 2423 peccato
764 2341 934 2422 originali.
958 2340 1021 2406 Sed
1047 2360 1129 2406 cum
1151 2359 1250 2406 error

176 2447 217 2510 in
250 2447 315 2510 hoc
348 2447 464 2528 capite
497 2452 670 2528 supponat
702 2447 772 2510 iam
796 2464 950 2512 errorem
974 2451 1008 2511 et
1031 2447 1067 2511 in
1090 2448 1251 2529 dogmate
1346 2478 1356 2487 -

176 2556 223 2619 de
248 2553 407 2617 iustititia
430 2555 599 2635 originali,
629 2555 664 2618 in
687 2556 781 2619 hunc
805 2574 943 2638 quoque
966 2573 1131 2636 campum
1155 2555 1249 2620 litem

182 2662 408 2724 transierunt.
454 2659 626 2740 Quamvis
664 2662 865 2743 polemistae
902 2668 1088 2744 utrumque
1125 2663 1251 2743 dogma

178 2767 395 2831 catholicum
415 2769 518 2831 simul
538 2769 716 2851 impetant,
735 2787 797 2832 nos
812 2772 929 2833 tamen
945 2769 1123 2850 pisitivam
1138 2768 1251 2850 potius

181 2892 362 2939 russorum
373 2876 579 2957 theologiam
589 2877 815 2957 respicientes
825 2877 1034 2940 alterutrum
1046 2894 1251 2957 separamus

177 2985 289 3064 atque
312 2999 381 3044 non
404 2981 540 3063 agimus
564 2982 629 3046 nisi
653 2983 695 3046 de
718 2982 850 3046 iustitia
869 2982 1029 3064 originali
1048 2989 1157 3046 totam
1176 3001 1250 3047 rem

176 3089 335 3171 quinque
359 3088 531 3170 capitibus
544 3090 779 3170 complexuri.

292 3193 411 3276 Capite
437 3194 471 3260 1⁰
503 3197 753 3279 prolegomenis
786 3197 1040 3279 praemittimus
1069 3198 1251 3281 quaedam,

177 3319 273 3384 quae
292 3305 327 3366 et
345 3302 458 3384 ipsum
477 3301 668 3383 theologiae
690 3321 868 3368 russorum
894 3308 1057 3387 systema,
1081 3307 1252 3387 quantum

182 3413 303 3473 nostra
327 3427 383 3473 res
407 3411 568 3491 postulat,
602 3411 825 3494 aliquatenus
860 3413 1033 3476 illustrent
1065 3416 1100 3476 et
1132 3429 1251 3475 eorum

182 3515 458 3598 terminologiam
491 3517 679 3598 explicent
714 3519 831 3599 capite
856 3516 892 3583 2⁰
922 3518 1136 3599 exponimus
1168 3517 1251 3599 quid

184 3623 272 3687 russi
306 3623 348 3688 de
380 3624 511 3706 origine
544 3625 641 3688 latini
674 3626 774 3689 istius
797 3644 900 3708 quem
924 3626 1044 3689 dicunt
1067 3626 1195 3690 erroris
1218 3630 1253 3689 et

179 3729 378 3794 evolutione
401 3735 556 3794 narrent.
580 3731 714 3795 Deinde
736 3751 895 3814 gressum
919 3733 1068 3796 facimus
1092 3731 1137 3795 ad
1161 3735 1250 3794 trac-

182 3839 327 3903 tandam
350 3838 462 3918 ipsam
486 3840 589 3919 primi
612 3839 759 3919 hominis
784 3841 1043 3921 perfectionem3
1076 3839 1121 3903 ad
1145 3857 1251 3922 quam

178 3944 459 4011 constituendam
483 3946 772 4029 efficiendamque
796 3965 877 4010 oum
897 3947 1053 4027 opinione
1071 3963 1251 4011 russorum
