2872 4666
546 344 765 410 ..39-

220 558 251 635 2)
274 560 347 620 tum
370 555 507 622 accedit
530 556 745 640 gubernatio,
776 573 868 640 quae
900 575 945 622 ex
978 575 1049 621 una
1080 561 1180 640 parte

109 664 196 729 sinit
227 667 445 746 creaturam,
477 667 517 728 ut
548 663 599 727 ait
632 663 827 744 Macarius,
865 664 1013 746 propriis
1045 664 1181 730 viribus

112 771 316 854 legibusque
338 788 453 853 agere,
475 786 521 836 ex
544 771 656 836 altera
679 787 765 835 vero
788 774 889 851 parte
911 770 1018 836 etiam
1037 772 1182 854 speciali

112 879 248 943 ratione
271 882 471 943 creaturam
494 879 675 959 confortat,
699 877 730 942 ei
749 878 934 962 succurrit,
957 883 1177 961 cooperatum

112 986 320 1068 praesertim
351 1003 432 1050 cum
465 989 631 1049 creatura
662 984 758 1068 eligit
789 989 1023 1069 operaturque
1045 987 1183 1069 bonum,

113 1095 209 1160 Deus
232 1093 418 1174 providens
441 1110 520 1158 eam
543 1092 644 1156 iuvat
672 1109 736 1156 sua
758 1093 884 1175 gratia.
929 1091 1029 1174 Quae
1063 1112 1183 1176 coope-

114 1203 212 1284 ratio,
235 1218 326 1285 quae
348 1201 464 1285 gratia
487 1200 537 1264 ita
559 1203 745 1266 creaturae
768 1201 931 1268 rationali
959 1201 1065 1266 etiam
1089 1203 1182 1267 inno·

110 1309 206 1375 conti
228 1309 428 1374 necessaria
446 1327 522 1374 esse
540 1308 677 1389 dicitur,
700 1312 739 1373 ut
757 1309 832 1373 sine
850 1326 892 1374 ea
911 1327 1024 1392 neque
1042 1310 1181 1375 omnino

109 1417 232 1482 evolvi
255 1421 318 1481 aut
340 1417 501 1498 progredi
525 1434 636 1499 neque
659 1416 733 1480 ulla
760 1433 862 1482 «vere
886 1417 1051 1480 moralia»
1077 1435 1184 1499 opera

112 1525 283 1607 perlicere
301 1542 414 1615 neque
432 1524 563 1588 «vitam
581 1541 666 1589 vere
685 1525 920 1606 spiritualem»
942 1542 1047 1607 agere
1066 1533 1184 1608 queat.

112 1634 229 1716 Atque
261 1634 326 1697 hoc
363 1634 462 1696 modo
494 1632 641 1714 provida
675 1632 739 1696 Dei
771 1632 1012 1714 cooperatione
1035 1649 1180 1697 concur·

112 1745 211 1806 rente
244 1744 409 1804 creatura
441 1739 563 1821 incipit
594 1739 712 1804 evolvi
743 1757 788 1804 ac
821 1740 982 1822 progredi
1005 1741 1051 1804 ad
1074 1757 1178 1806 suum

111 1848 230 1930 finem,
266 1847 386 1929 incipit
422 1864 526 1929 agere
559 1847 670 1911 vitam
712 1846 978 1930 «spiritualem»,
1015 1865 1182 1913 exercerc

110 1973 219 2038 opera
248 1973 351 2020 «vere
374 1955 538 2018 moralia»
570 1953 713 2034 (scilicet
745 1972 837 2036 quae
865 1954 911 2017 ad
935 1954 1184 2020 beatitudinem

110 2067 296 2128 aeternam
318 2062 470 2141 ducunt).

222 2169 345 2252 ltaque
381 2168 573 2234 secundum
610 2169 799 2233 catholicos
836 2169 1006 2234 transitus
1044 2170 1103 2234 ille
1145 2171 1187 2234 iit

112 2279 230 2359 gratia
254 2276 423 2341 habituali
447 2277 692 2342 sanctificante
715 2295 775 2341 seu
799 2277 970 2358 elevante,
994 2280 1185 2342 secundum

114 2403 232 2450 russos
265 2386 379 2467 gratia
412 2389 619 2466 cooperante
652 2402 712 2449 seu
737 2385 937 2449 adiuvante.
984 2384 1184 2451 Secundum

112 2493 306 2558 catholicos
331 2493 420 2557 inter
438 2492 593 2556 ordinem
613 2492 810 2556 naturalem
828 2496 864 2557 et
882 2493 1186 2573 supernaturalem

113 2601 242 2682 nulluS,
267 2604 305 2663 ut
327 2601 376 2663 ita
399 2599 524 2682 dicam,
548 2617 633 2682 pons
657 2598 829 2662 naturalis
851 2601 978 2681 existit,
997 2617 1064 2681 quo
1088 2616 1185 2665 orea-

113 2713 198 2770 tura
234 2708 383 2771 transire
420 2711 543 2797 potest3
581 2724 722 2772 necesse
758 2712 819 2788 est,
858 2712 896 2770 ut
927 2724 970 2772 ea
1002 2724 1047 2771 ex
1075 2707 1186 2772 altero

113 2814 236 2880 ordine
268 2815 303 2878 in
336 2814 486 2879 alterum
523 2814 691 2879 beneficio
728 2813 846 2877 divino
879 2831 940 2879 seu
972 2813 1088 2896 gratia
1120 2814 1185 2879 ele·

116 2928 226 2988 vante
250 2926 506 3003 transponatur.
554 2920 752 2986 Secundum
787 2939 904 2985 russos
937 2925 1102 2986 creatura
1132 2939 1186 2985 ra-

115 3031 256 3094 tionalis
291 3048 315 3093 a
347 3034 475 3094 natura
506 3048 579 3111 sua,
615 3047 660 3094 ex
697 3033 792 3093 statu
830 3029 985 3092 naturali
1021 3029 1066 3092 ad
1104 3029 1185 3094 bea·

114 3138 299 3201 titudinem
336 3132 517 3202 aeternam
550 3137 697 3219 propriis
731 3137 866 3200 viribus
899 3137 1076 3219 graditur,
1110 3153 1183 3200 sus-

115 3248 274 3310 tentante
298 3246 509 3309 solummodo
532 3245 791 3326 adiuvanteque
817 3243 897 3307 Deo.

226 3352 317 3435 Ergo
349 3353 448 3416 iuxta
480 3352 669 3416 catholicos
707 3351 974 3415 fundamentum
1013 3353 1048 3414 et
1085 3349 1189 3413 radix

116 3460 223 3524 totius
255 3460 383 3524 ordinis
415 3460 461 3522 ad
494 3458 741 3523 beatitudinem
766 3461 956 3536 aeternam,
989 3457 1090 3534 cujus
1114 3457 1187 3521 cul-

116 3585 199 3632 men
240 3566 328 3630 visio
370 3565 434 3631 Dei
475 3565 612 3629 facialis
649 3568 710 3643 est,
749 3569 802 3628 est
839 3562 953 3644 gratia
996 3561 1186 3626 habitualis

115 3674 359 3754 sanctificans;
396 3673 495 3737 iuxta
528 3690 645 3736 russos
678 3688 762 3736 vero
796 3670 872 3751 ipsa
905 3672 1033 3732 natura
1068 3669 1190 3732 adiuta

115 3781 331 3848 solummodo
354 3781 469 3863 gratia
493 3778 634 3844 actuali.

227 3887 275 3952 Ut
307 3888 380 3968 ipse
411 3903 508 3952 error
532 3904 719 3957 ,russorum
751 3887 787 3949 in
821 3883 1047 3966 concipiendo
1077 3882 1188 3947 deter-

112 3996 350 4078 minandoque
383 3994 532 4057 transitu
565 3997 751 4058 creaturae
783 3991 963 4056 rationalis
1006 4008 1027 4053 a
1060 3992 1189 4053 natura
