2872 4666
180 701 278 783 apud
314 719 431 766 russos
472 701 577 766 Libro
615 701 793 767 Canonum
833 703 1095 782 continentur1).
1141 702 1253 768 Alteri

181 809 289 874 classi
323 812 568 874 accensentur:
598 808 771 875 Confessio
805 806 1005 874 Orthodoxa
1037 810 1187 893 Mogilae
1218 816 1253 875 et

181 915 357 982 Confessio
372 916 527 981 Dosithei
539 915 568 999 ⁹),
588 921 769 998 praeterea
785 917 969 982 Philaretis
988 916 1255 988 Cathechismus

181 1020 413 1105 orthodoxus,
446 1024 506 1106 qui
539 1024 645 1088 solius
677 1042 857 1088 russorum
890 1025 1059 1090 ecclesiae
1091 1025 1255 1107 proprius

180 1148 258 1195 esse
281 1129 449 1208 diciturll.

290 1236 396 1307 Hisce
419 1239 584 1318 expositis
607 1239 743 1303 initium
766 1239 874 1321 ipsius
898 1238 946 1304 rei
972 1239 1179 1304 tractandae
1201 1240 1253 1303 ia-

180 1344 344 1409 ciendum
367 1362 442 1410 esse
465 1345 688 1411 arbitramur.

291 1559 313 1621 ¹)
332 1557 462 1622 Πηδαλιον
482 1577 524 1621 της
545 1576 633 1622 νοητης
653 1577 711 1622 νηος
730 1574 774 1622 της
794 1577 850 1627 μιας
869 1577 941 1625 αγιας
960 1558 1101 1624 καθολικηζ
1124 1576 1166 1608 και
1185 1577 1251 1608 απο-

181 1647 299 1712 stolum
328 1648 385 1698 Των
414 1645 572 1716 Ορθοδοξων
601 1646 742 1712 Εκκλησιας
770 1666 826 1712 ητοι
851 1649 959 1708 ,1παντες
986 1668 1009 1699 οι
1036 1667 1096 1718 tepor
1122 1667 1163 1698 και
1183 1650 1251 1699 belot

180 1739 297 1797 Κανονες.
319 1737 351 1786 llo
370 1737 487 1802 Αθηναις.
511 1737 587 1804 1886,
607 1750 674 1804 pag.
694 1737 755 1789 648.
775 1734 837 1798 Quo
857 1751 945 1805 opere
963 1752 1023 1790 non
1043 1739 1137 1790 solum
1157 1734 1251 1790 Cano·

181 1840 235 1878 nes
254 1825 436 1893 referunt-ur,
465 1825 609 1878 sedetiam
633 1824 789 1878 concordia
818 1830 847 1877 ot
873 1826 1080 1894 interpretatio
1104 1841 1249 1879 canonum

181 1915 335 1984 (soporatio,
362 1913 489 1984 ἑρμηνεία)
518 1915 629 1982 pariter
656 1918 686 1967 et
713 1914 917 1968 adnotationes
944 1914 1115 1985 (σημειώσεις)
1141 1915 1253 1983 quibus

180 2002 334 2057 interdum
367 2005 423 2057 toti
456 2008 600 2057 tractatus
633 2004 801 2072 theologiae
834 2006 1037 2073 continentum
1071 2009 1251 2074 quapropter

181 2094 318 2148 Pidalion
344 2094 434 2147 etiam
463 2093 624 2162 aliquando
652 2094 785 2148 adhiberi
816 2095 913 2162 potuit
940 2095 977 2148 ad
1003 2095 1251 2164 perspiciendum,

181 2199 259 2252 quae
280 2198 457 2251 graecorum
477 2183 684 2251 theologorum
706 2189 782 2237 esset
801 2182 966 2238 sententia?
985 2214 1017 2221 —
1038 2184 1126 2253 Apud
1151 2200 1252 2238 russos

181 2288 254 2326 vero
274 2278 412 2326 vocatur:
431 2272 522 2325 lisura
541 2272 672 2340 llpaunns
691 2290 728 2325 cn.
749 2271 923 2338 Anocronons,
943 2291 979 2326 oa.
997 2274 1132 2343 Cooopoas
1150 2275 1248 2327 Beneu-

180 2378 266 2414 cnnxr,
284 2379 303 2414 u
321 2361 506 2414 Honmcruuxs
524 2379 542 2413 u
561 2378 599 2415 os.
619 2361 731 2422 Orneus.
751 2361 860 2414 Motum
879 2362 957 2416 1893.

290 2453 310 2516 ²)
327 2449 524 2506 Confessionis
550 2449 631 2504 Orth.
658 2452 786 2519 Mogilae
811 2455 899 2505 textu
925 2453 1035 2506 russioo
1061 2454 1107 2506 usi
1134 2468 1251 2506 sumus:

179 2543 384 2610 Hpaaocuaunoe
401 2542 575 2602 ucnoahranie
593 2542 656 2595 Hae.
676 2559 694 2594 n
713 2542 804 2595 Auem.
824 2543 935 2610 Hepnsn
953 2543 1110 2596 Bocrouuoh.
1126 2543 1190 2605 Idan.
1207 2544 1249 2596 16.

180 2631 258 2685 (THE.
280 2631 361 2699 18583
381 2661 415 2669 -
435 2636 521 2684 textu
539 2647 610 2685 Vero
631 2646 750 2700 graeco:
776 2633 792 2682 1.
815 2632 840 2682 ll.
860 2631 1022 2701 Μεσολωρας.
1041 2632 1186 2702 Συμκολικη
1206 2652 1250 2696 τη,

180 2720 332 2789 Ορθοδοξου
351 2721 504 2786 Ανατολικης
526 2721 675 2786 Εκκλησιας.
692 2721 720 2773 Τ.
737 2722 752 2771 l.
769 2722 803 2771 Eu
818 2722 938 2789 Λθηναις,
959 2721 1036 2789 1883,
1056 2738 1082 2790 p.
1093 2721 1250 2788 363—4873

179 2807 399 2864 Confessionem
415 2815 516 2863 autem
534 2809 667 2864 Dosithei
681 2809 870 2864 adhibuimus
886 2812 1009 2864 russiae:
1024 2812 1149 2880 llapenaa
1162 2829 1180 2864 11
1194 2811 1248 2863 lla-

179 2899 309 2968 rpiapuiiu
327 2899 452 2968 Ppauonu
471 2917 485 2952 o
503 2901 670 2969 yupeutueniu
689 2918 726 2953 ca.
743 2900 847 2962 Cunoua
865 2917 898 2952 cs
915 2902 1100 2954 nanenteniens
1119 2902 1249 2970 llpanocu.

179 2989 366 3044 Houoahnania
384 2989 533 3042 Rom-llas.
560 2989 679 3058 Hopuan.
703 2990 819 3055 Mocnaa,
840 2990 923 3057 18483
951 3005 1071 3058 graece:
1100 2990 1248 3045 Harduini

180 3078 256 3132 Acta
275 3076 473 3132 Consiliorum
494 3084 513 3133 t.
534 3079 575 3132 Xl
595 3095 623 3148 p.
642 3079 792 3133 233-248.

287 3171 308 3232 ⁸)
327 3168 528 3237 Hpoo‘rpaunmli
546 3168 740 3237 Xpntuiancuill
767 3168 940 3222 Harnxuancs
966 3170 1181 3239 Hpaaocnanuun
1200 3170 1251 3223 lta-

179 3257 336 3311 eoauuccuis
354 3258 513 3311 Bocrounmu
532 3275 641 3327 nepueu.
661 3259 725 3319 Idan.
746 3260 788 3313 69.
814 3259 923 3312 Mocana
943 3260 1020 3314 1899.
1040 3290 1073 3297 -—
1094 3260 1121 3314 C.
1141 3260 1249 3313 Hamir-

177 3348 245 3402 oeill.
264 3347 341 3416 aspa
358 3347 567 3416 Hpanocnaauoll
585 3349 660 3402 Boon.
679 3349 932 3417 PpenoPocoiltonoh
952 3350 1064 3418 llepumr
1085 3367 1117 3402 uo
1136 3366 1167 3401 ea
1186 3367 1247 3402 cinr-

178 3453 365 3490 sunmeenuns
378 3437 513 3490 linuraus.
533 3437 598 3499 Hau.
619 3438 642 3502 2,
663 3438 780 3505 Mecum,
801 3438 991 3504 1888-1890;
1010 3453 1069 3506 quo
1089 3439 1163 3490 libro
1179 3453 1247 3491 con·

179 3525 295 3579 tinetur
321 3527 484 3595 symbolica
510 3542 664 3580 russorum
692 3527 825 3580 doctrina
845 3526 948 3580 ordine
968 3532 998 3579 et
1015 3527 1130 3580 ratione
1149 3527 1245 3595 dispo·

178 3617 241 3669 sita.
264 3646 297 3653 -
316 3615 475 3670 Praeterea
495 3622 633 3670 notamus
652 3617 726 3670 nihil
747 3632 799 3670 nos
818 3617 924 3670 citasse
938 3617 976 3670 ad
991 3616 1196 3670 confirmanda
1211 3631 1248 3670 ea

178 3719 254 3774 quae
283 3705 347 3758 sive
375 3704 412 3758 de
438 3712 591 3758 russorum
618 3706 771 3774 theologia
795 3708 972 3774 generatim,
999 3707 1061 3759 slve
1087 3707 1246 3760 decorum

177 3793 313 3846 doctrina
332 3793 370 3846 de
389 3795 536 3863 scriptura
556 3795 703 3861 saora‚‘de
722 3794 902 3861 Traditione‚
922 3795 960 3848 de
979 3795 1061 3848 libris
1076 3794 1248 3864 symbolicis

177 3882 322 3949 diximum
342 3884 412 3950 quia
427 3899 485 3936 non
502 3883 657 3951 tetigimus
672 3883 720 3937 hin
736 3884 791 3937 uisi
808 3886 978 3936 summatim
994 3899 1036 3951 ea,
1052 3899 1130 3952 quae
1149 3883 1248 3935 fusius

178 3971 287 4040 scripta
307 3971 460 4025 habemus.

605 4153 816 4160 ——-—
