2872 4666
602 284 819 352 -65...

286 496 384 562 Haec
416 501 497 561 sunt
530 497 640 562 verba
673 515 698 562 s
731 494 889 580 Gregorii
922 498 953 562 Ν
956 499 1082 584 ysseni,
1119 501 1251 583 quibus

172 608 267 671 russi
292 607 479 688 praecipue
502 606 670 687 nituntur,
693 624 775 670 cum
799 605 841 672 de
865 606 1016 688 imagine
1039 613 1073 672 et
1093 608 1248 674 similitu-

171 714 256 778 dine
281 718 401 795 agunt.
1081 711 1087 722 “
1124 696 1126 698 ’

286 820 429 884 Nullum
452 821 607 902 proiecto
625 819 769 884 dubium
792 823 853 901 est,
891 819 975 902 quin
1010 820 1157 885 hominis
1195 823 1250 905 sit,

172 927 269 1011 quod
301 928 498 1009 imaginem,
532 944 638 1009 quam
663 927 700 990 vi
724 929 874 992 naturae
897 944 920 991 a
944 927 1017 993 Deo
1041 927 1249 1009 impressam

173 1035 324 1117 accepit,
357 1036 497 1117 propria
530 1034 700 1099 industria
734 1035 827 1098 colat
859 1040 965 1118 atque
990 1035 1101 1118 magis
1125 1036 1249 1116 magis-

173 1163 245 1227 que
279 1143 352 1208 Deo
384 1142 530 1207 similem
564 1142 696 1222 reddat,
732 1142 822 1224 quod
861 1143 906 1207 ad
944 1143 1109 1208 maiorem
1142 1147 1249 1226 atque

177 1252 345 1316 maiorem
369 1250 617 1332 perfectionem
645 1268 706 1314 seu
730 1248 794 1314 Dei
818 1249 1087 1333 similitudinem,
1119 1252 1247 1317 verita·

175 1363 248 1422 tem
272 1358 508 1440 virtutemque
532 1358 774 1438 consectando,
800 1358 929 1422 tendat.
975 1356 1040 1423 Sed
1070 1359 1249 1440 proprium

173 1468 211 1529 et
244 1465 483 1529 immediatum
516 1464 734 1547 principium,
770 1464 1036 1530 fundamentum
1069 1483 1113 1529 ac
1147 1465 1273 1529 radin

177 1571 281 1635 huius
305 1572 582 1653 supernaturalis
606 1571 839 1636 similitudinis
864 1589 932 1635 non
955 1571 1031 1653 ipsa
1055 1572 1169 1654 imago
1188 1590 1250 1637 seu

175 1679 359 1743 rationalis
391 1683 529 1761 natura,
563 1687 601 1743 ut
633 1695 856 1743 erussorum
889 1679 1049 1744 doctrina
1083 1680 1250 1762 sequitur,

175 1786 238 1851 sed
261 1786 376 1868 gratia
400 1787 589 1851 habitualis
613 1786 842 1851 sanctificans
866 1793 927 1869 est,
950 1791 989 1850 ut
1012 1789 1108 1867 patet
1126 1805 1171 1851 ex
1191 1786 1251 1869 eis,

174 1912 268 1976 quae
293 1893 437 1957 ulterius
461 1892 551 1958 idem
575 1913 600 1958 s.
624 1898 724 1975 pater
747 1894 860 1959 docet:
898 1892 989 1966 «Πῶς
1022 1892 1072 1955 οὖν
1100 1895 1248 1979 γινόμεθα

174 2000 408 2084 καθ’ὁμοίωσιν;
441 1997 504 2061 Aia
535 2009 598 2061 τῶν
630 1999 832 2086 Εΰαγγελίων.
858 2000 896 2062 Τί
919 2002 984 2062 ἐστι
1008 2001 1246 2086 χριστιανισμός;

176 2105 262 2169 Θεοῦ
287 2107 424 2191 ὁμοίωσις
447 2108 529 2169 κατὰ
551 2110 592 2170 τὸ
614 2098 807 2193 ἐνδεχόμενον
840 2110 1003 2194 ἀνθρώπω)
1028 2108 1139 2192 φύσει...
1175 2106 1248 2180 Πῶς

174 2207 210 2274 δὲ
233 2204 339 2300 sudden
366 2211 523 2299 (Χριστόν)
550 2219 565 2274 ὁ
589 2217 626 2277 τὸ
648 2216 810 2299 βάπτισμα
834 2215 875 2300 μὴ
899 2216 1017 2294 labiim
1038 2219 1053 2275 ὁ
1073 2216 1110 2276 τὸ
1136 2205 1249 2299 ἔνδυμα

174 2327 232 2405 τῆς
255 2322 429 2406 ἀφθαρσίας
451 2322 492 2406 μὴ
518 2311 694 2407 δεξάμενος»
711 2323 739 2400 ¹).
775 2321 1040 2389 Similitudinem
1063 2321 1168 2403 igitur
1192 2340 1249 2387 ae·

174 2427 335 2509 cipimus
360 2447 441 2492 cum
466 2428 647 2494 christiani
672 2429 789 2509 limus;
823 2428 1004 2494 christiani
1029 2448 1113 2494 vcro
1136 2429 1250 2510 fimus

174 2552 259 2598 cum
302 2535 475 2615 baptisma
519 2536 735 2617 suscipimus,
769 2554 837 2619 quo
870 2536 985 2618 gratia
1019 2536 1247 2601 sanctificans

175 2641 276 2705 nobis
300 2642 588 2726 communicatur,
611 2662 681 2725 qua
701 2660 909 2726 reparamur
928 2647 1250 2726 restauramurque,

177 2748 290 2814 denuo
314 2748 376 2811 filii
400 2749 465 2814 Dei
488 2766 533 2814 ac
557 2750 724 2815 haeredes
748 2750 1006 2833 participesque
1029 2749 1170 2815 divinae
1189 2769 1249 2814 na·

177 2858 279 2920 turae
303 2856 486 2936 eiiicimur,
518 2862 553 2922 et
585 2858 621 2920 in
654 2861 785 2921 statum
819 2857 1012 2940 pristinum,
1049 2875 1117 2939 quo
1151 2857 1249 2921 Adae

175 2963 283 3042 culpa
308 2962 510 3044 excidimus
534 2964 757 3045 restituimur,
793 2968 830 3027 ut
863 2961 957 3028 Ocni.
981 2961 1076 3028 Orth.
1102 2963 1249 3046 illogilae

173 3068 278 3135 docet
292 3066 321 3147 ²).

285 3175 377 3259 Ergo
410 3177 439 3241 si
472 3178 683 3259 baptismate
717 3196 976 3261 recuperamus
1009 3178 1100 3259 quod
1134 3177 1249 3242 Adam

167 3282 336 3365 perdidit,
360 3301 610 3375 recuperamus
641 3290 760 3350 autem
783 3286 990 3367 praeprimis
1013 3285 1165 3366 gratiam
1189 3286 1249 3348 ha·

164 3386 347 3456 bitualem
379 3409 440 3455 seu
472 3392 753 3457 sanctificantem
778 3391 1114 3473 similitudinemque,
1138 3427 1179 3435 —
1204 3409 1250 3455 ex

160 3496 339 3564 doctrina
375 3497 480 3579 igitur
517 3517 542 3563 s.
567 3499 677 3580 patris
714 3517 931 3581 consequens
968 3503 1029 3575 est,
1063 3502 1101 3560 ut
1133 3490 1248 3560 Adam
1280 3484 1284 3490 ²

160 3674 394 3688 *n—

289 3766 298 3798 ¹
327 3763 370 3817 Id.
390 3764 409 3816 l.
430 3779 453 3817 c.
498 3772 506 3814 ί

287 3764 309 3918 ’ζ
325 3851 406 3906 Conf.
432 3852 512 3907 Orth.
537 3871 604 3923 pars
624 3856 646 3922 I,
671 3870 697 3922 q.
720 3855 872 3924 103-1043
899 3855 1060 3922 Μεσολομας.
1093 3853 1248 3929 Συμβολιμη,

160 3941 193 4016 Γ,
215 3963 244 4015 p,
265 3944 321 3998 425
342 3958 383 4011 sq.

224 4056 310 4089 ‚nuttriri
326 4055 417 4085 sustollit.
1125 4031 1142 4084 5
