2872 4666
523 360 654 426 --59
700 395 743 405 ..

86 574 195 655 pleno
218 591 280 637 suo
303 578 448 656 aspectu
467 573 580 658 primo
599 574 727 639 homiui
746 575 855 639 indita
878 581 977 658 esset,
1001 576 1161 640 simili-

86 680 305 746 tudinem
328 682 359 746 h.
383 701 411 747 e.
443 682 649 747 facultatem
683 702 744 748 seu
777 684 966 764 potentiam
990 684 1054 748 Dei
1078 685 1163 748 assi·

85 787 281 853 milationis
316 788 554 873 assequendae
592 808 658 853 non
692 807 766 882 esse
799 790 830 854 ei
867 791 1162 855 communicatam

89 895 160 960 nisi
185 896 221 959 in
243 896 407 979 germine,
441 902 478 960 ut
511 896 568 962 ille
599 897 672 978 ipso
705 898 887 962 evolveret
910 897 995 961 illud
1019 916 1162 980 germen

85 1008 130 1069 et
153 1003 356 1085 perficeret»
367 1003 394 1083 ¹).

201 1111 231 1176 3.
255 1111 369 1194 Atque
393 1112 481 1178 haeo
504 1113 595 1176 russi
623 1113 665 1177 de
689 1113 840 1196 imagine
873 1122 907 1178 et
939 1112 1163 1178 similitudine

91 1224 170 1284 tum
192 1218 228 1282 in
251 1236 377 1299 genere
401 1224 475 1282 tum
499 1220 608 1284 relate
631 1219 676 1284 ad
696 1220 846 1301 primum
866 1220 1048 1285 homiuem.
1071 1217 1163 1300 Quid

84 1326 137 1392 de
160 1343 278 1391 eorum
301 1325 459 1390 doctrina
483 1328 699 1392 sentiendum
723 1326 798 1392 est?

202 1431 277 1496 Non
301 1434 502 1516 quaerimus
535 1434 591 1498 hic
624 1435 666 1500 de
689 1434 862 1514 objectivo
885 1434 959 1500 eius
983 1434 1104 1499 valore
1128 1434 1163 1497 in

91 1559 231 1623 genere,
255 1541 297 1604 de
319 1559 360 1606 eo
383 1541 509 1606 scilicit
533 1542 707 1607 habeatne
730 1542 790 1606 illa
814 1542 974 1624 imaginis
994 1546 1028 1606 et
1047 1542 1163 1606 simili-

92 1648 223 1713 tudinis
247 1647 420 1712 distiuctio
442 1648 582 1731 aliquod
606 1647 900 1715 fundamentum?
925 1685 964 1694 -
990 1667 1102 1732 neque
1121 1648 1163 1714 de

84 1774 135 1821 -eo
183 1755 351 1837 quomodo
398 1757 571 1823 alterutra
616 1756 652 1820 in
698 1774 753 1839 se,
799 1756 969 1822 obiective
1020 1756 1164 1838 intelligi

92 1863 153 1928 vel
177 1863 283 1944 possit
306 1864 363 1927 vel
387 1863 534 1929 debeat?
563 1863 661 1929 Haec
683 1864 776 1929 enim
799 1882 980 1928 russorum
1003 1862 1164 1945 imaginis

83 1974 129 2035 et
153 1970 386 2035 similitudinis
418 1970 578 2035 doctrina
612 1989 706 2035 nuno
739 1977 876 2035 tantum
906 1975 1025 2035 nostra
1048 1972 1164 2053 refert,

90 2084 266 2160 quantum
289 2078 384 2143 hisee
407 2080 553 2144 vocibus
577 2079 723 2144 hominis
743 2082 855 2144 status
873 2083 980 2160 atque
1000 2078 1165 2159 perfectio

83 2186 243 2268 exprimi
267 2189 411 2267 putatur
423 2184 452 2264 ²).

202 2289 290 2357 Cum
321 2293 386 2357 sub
421 2294 486 2358 hoo
505 2298 666 2375 respectu
699 2310 754 2358 res
788 2293 945 2374 sumitur,
976 2293 1012 2356 in
1045 2292 1165 2373 primis

93 2400 223 2464 mirum
243 2404 294 2464 est
312 2418 424 2483 neque
443 2400 588 2482 intelligi
608 2406 727 2483 potest,
747 2419 811 2464 our
831 2401 931 2482 russi,
954 2418 1034 2463 cum
1055 2400 1165 2481 primo

92 2505 224 2570 homini
243 2506 381 2587 plenam
400 2512 436 2573 et
454 2509 646 2589 perlectam
669 2507 856 2589 imaginem
880 2507 971 2589 dent,
994 2510 1164 2588 quantum

82 2613 137 2676 ad
153 2613 412 2678 similitudinem
432 2615 566 2679 nonnisi
585 2633 702 2680 semen
722 2614 805 2696 eius,
830 2615 1028 2696 potentiam,
1051 2613 1161 2677 iacul-

205 2865 224 2926 1)
243 2861 420 2926 Tnxnnnouill,
440 2878 479 2930 op.
500 2879 520 2914 c.
539 2862 575 2928 ll,
593 2879 650 2914 nm.
670 2862 729 2930 81).
759 2862 821 2915 190:
844 2862 885 2913 »ll
904 2878 977 2926 rous,
1003 2877 1166 2928 nyxouno-

94 2967 349 3021 npaacrsesuoo
385 2953 686 3011 cariogriinrcnunoe
723 2950 887 3019 passuris
924 2968 942 3003 n
974 2967 1167 3018 iziiucpmon·

83 3040 281 3094 -oruonanie
304 3057 475 3094 connumera
498 3058 560 3094 rori,
584 3058 655 3108 nyss,
676 3058 817 3109 sompnum
835 3042 969 3094 neronum,
987 3058 1093 3093 litomeri,
1112 3058 1168 3092 ono

83 3131 174 3192 donno
201 3146 339 3189 nummum
366 3147 397 3183 no
424 3132 498 3198 stirpis
525 3147 625 3183 autumn
651 3147 809 3197 :iyxounmxn
837 3147 905 3182 onus
932 3131 1167 3197 yuonosinoniu

93 3221 190 3287 Bory.
213 3219 254 3271 ΒΤ,
271 3236 351 3272 orons
369 3222 475 3272 cumeris
492 3220 582 3273 mrorie
600 3220 707 3289 ,sponsio
721 3237 835 3287 yunremr
855 3220 966 3288 llepnun
984 3236 1165 3287 yreepmnam,

93 3326 147 3377 nro,
166 3325 243 3368 roma
266 3325 335 3361 naus
361 3311 491 3377 oopaan
519 3309 637 3362 Bomili
663 3326 733 3366 naun
756 3311 830 3361 uniar,
848 3325 965 3376 nepsony
984 3311 1113 3375 nenoulmy
1132 3326 1168 3362 us

93 3414 215 3451 nonuoun
234 3412 332 3450 oeneus
349 3402 425 3463 utini»,
446 3399 589 3461 dononio,
614 3416 717 3451 nuonno
736 3400 905 3451 onooounocn,
921 3414 1059 3457 ,nocrnrars
1078 3415 1167 3465 prono

92 3489 186 3542 osenia
206 3488 282 3554 liory,
302 3490 434 3549 coouiueuo
452 3491 521 3541 duno
540 3505 633 3542 ronsno
651 3506 687 3541 nn
705 3506 852 3542 sesamam,
876 3507 909 3541 m,
927 3492 1004 3543 riuis.
1024 3491 1108 3541 modu
1128 3506 1168 3541 uo-

92 3581 198 3632 nonum,
224 3594 293 3630 oan'u
317 3579 443 3639 caooonno
468 3595 588 3646 paomms
612 3596 630 3631 n
656 3595 831 3647 ycouepnnmn
850 3596 919 3632 ero».
941 3608 971 3617 -
993 3578 1021 3631 Is
1041 3579 1167 3631 remittit

92 3669 173 3723 ads.
194 3666 320 3735 Gregor.
341 3665 424 3736 Nyss.
445 3666 525 3721 Orat.
545 3669 561 3721 2
587 3668 617 3721 in
644 3669 746 3721 vorba:
775 3670 918 3722 faciamus
945 3668 1107 3732 hominem,
1129 3668 1165 3720 ad

84 3759 240 3814 clement.
268 3757 353 3812 Alex.
381 3757 487 3813 Strom.
517 3759 565 3812 lib.
594 3758 630 3823 ll,
659 3775 682 3812 o.
709 3759 756 3824 923
779 3790 809 3797 -
829 3759 949 3826 Origcn.
980 3758 1023 3811 Do
1043 3759 1166 3827 princip.

84 3851 141 3905 lib.
156 3848 213 3916 Ill,
233 3863 258 3902 c.
278 3848 308 3915 d;
327 3878 360 3888 -
379 3847 464 3902 Joau.
487 3847 620 3915 Damaso,
639 3848 676 3903 do
697 3847 778 3902 Orth.
800 3849 878 3914 Fide,
899 3849 948 3902 lib.
968 3848 1006 3914 ll,
1025 3863 1048 3901 e.
1071 3849 1111 3901 12.

204 3942 224 4005 ²)
243 3937 340 4007 Ipsam
359 3939 524 3992 doctrinam
543 3939 753 3992 catholicorum
774 3938 811 3992 do
831 3939 961 4005 imagine
982 3943 1011 3991 ct
1025 3938 1165 3990 similitu·

80 4031 157 4087 dine
182 4029 239 4082 ltoi
260 4029 291 4081 in
310 4027 429 4082 homino
450 4027 517 4081 vide
537 4026 617 4095 apud
636 4025 664 4081 S.
683 4026 827 4080 Thomam
851 4031 872 4091 i,
893 4043 919 4095 q.
939 4027 993 4081 93.—
