2872 4666
599 363 627 373 --
682 328 744 394 ras
796 365 835 374 -

176 543 264 618 (ὅλως
298 540 460 603 ἀντίθετον
482 549 529 624 τῷ
553 547 608 626 τῆς
631 538 797 628 Λατινικῇς
819 541 979 628 ἐκκλησίας
1001 541 1123 607 divino
1147 543 1257 608 bene·

175 647 266 724 ficio)
298 651 435 729 poterat
458 646 572 712 Deum
605 646 747 730 diligere
781 664 885 729 super
917 648 1034 712 omnia
1066 649 1120 710 καὶ
1155 659 1256 710 τοῦτο

176 757 265 816 καλεῖ
285 756 323 816 τὸ
347 754 516 818 iustitiam
539 754 743 836 originalem
767 755 915 820 habere»
931 753 960 834 ¹).

283 863 313 926 2.
336 859 371 926 Si
395 879 477 944 ergo
509 864 545 927 et
576 861 740 926 catholici
775 867 933 943 peccant,
966 879 1048 926 cum
1072 863 1257 926 Adamum

175 968 342 1032 iustitiam
375 967 580 1050 originalem
613 968 783 1033 beneficio
816 968 944 1051 divino,
976 987 1045 1033 non
1079 985 1166 1033 vero
1191 988 1257 1033 na-

176 1080 277 1140 turae
300 1074 338 1138 vi
361 1075 524 1138 habuisse
557 1075 690 1157 docent,
723 1079 758 1140 et
791 1079 1022 1156 protestantes
1054 1094 1135 1140 cum
1171 1094 1257 1140 con-

176 1183 325 1246 trarium
365 1181 554 1263 affirmant,
596 1181 631 1243 in
673 1199 742 1264 quo
783 1182 1031 1246 alterutrorum
1066 1200 1167 1248 error
1206 1184 1258 1247 sit

177 1294 282 1373 atque
305 1289 387 1371 quid
412 1289 553 1353 tandem
577 1287 804 1371 relinquatur,
829 1294 867 1352 ut
890 1289 1098 1354 teneamus?

287 1394 456 1460 Silvester
497 1398 532 1460 ct
573 1394 779 1459 Tichviuski
820 1395 886 1459 hoc
927 1396 1028 1459 modo
1068 1413 1145 1461 rem
1192 1415 1259 1462 ex-

178 1502 344 1584 pcdiunt:

286 1608 382 1673 «Non
405 1613 459 1673 cst
482 1608 627 1673 diiiicile
651 1612 847 1690 perspectu,
871 1608 1039 1691 inquiunt,
1072 1613 1107 1674 et
1130 1611 1257 1674 catho-

176 1717 261 1781 licos
283 1722 319 1781 88
342 1721 572 1798 protestantes
597 1716 750 1781 incidere
781 1715 815 1780 in
848 1717 915 1780 duo
947 1720 1120 1798 extrema3
1159 1718 1257 1800 quod

176 1823 315 1907 quidem
335 1841 438 1888 exeo
456 1823 627 1904 provenit,
650 1822 743 1906 quod
761 1823 923 1887 alterutri
942 1840 1024 1886 cum
1043 1823 1256 1904 originalem

176 1930 323 1994 hominis
337 1929 583 2011 perfectionem
602 1929 780 2011 definiunt,
800 1947 868 1993 non
887 1930 1017 1994 habent
1035 1947 1120 2010 prae
1140 1931 1257 1995 oculis

177 2043 362 2119 utramque
386 2035 490 2099 simul
513 2034 578 2101 Dei
602 2035 648 2098 ad
672 2037 824 2117 primum
847 2036 1021 2101 hominem
1044 2036 1254 2102 relationem

177 2161 257 2208 curn
281 2143 490 2208 creatoriam
515 2149 589 2206 tum
613 2142 915 2223 providentialem;
948 2143 1009 2206 sed
1040 2160 1109 2206 non
1138 2147 1255 2208 atten-

177 2251 264 2314 dunt
285 2249 351 2312 nisi
374 2249 421 2312 ad
444 2249 600 2331 aliquam
629 2266 736 2312 unam
759 2267 805 2314 ex
828 2249 882 2313 his
905 2250 1042 2313 duabus
1073 2249 1254 2314 relationi·

176 2359 241 2422 bus
264 2357 425 2439 neglecta
448 2360 555 2440 atque
577 2357 724 2422 exclusa
748 2357 893 2421 altera».

288 2464 468 2546 «Theologi
492 2465 585 2528 enim
608 2463 771 2528 catholici
795 2481 932 2528 omnem
963 2462 1170 2545 originalem
1193 2465 1255 2528 ho·

177 2571 279 2635 minis
303 2570 549 2652 perlectionem
573 2571 618 2634 ad
641 2572 753 2634 solum
777 2570 842 2636 Dei
865 2571 1041 2634 influxum
1065 2570 1253 2652 providen-

177 2679 295 2743 tialem
343 2679 716 2761 supernaturalemque
762 2679 941 2758 referunt3
992 2678 1256 2743 obliviscuntur

176 2792 295 2852 autem
318 2787 464 2867 pignora
487 2788 531 2863 (88
554 2786 751 2864 facultates)
784 2786 829 2849 ad
853 2785 965 2849 vitam
988 2785 1193 2850 deisimilcm
1219 2791 1256 2851 88

177 2894 454 2959 communionem
487 2910 568 2957 cum
600 2893 673 2958 Deo
706 2895 789 2957 data
821 2910 897 2957 esse
927 2896 1078 2958 naturae
1100 2893 1257 2958 hominis

177 3019 217 3066 8ο
239 3001 322 3082 ipso,
345 2998 437 3082 quod
460 2999 506 3062 ad
528 3000 716 3082 imaginem
740 2999 805 3064 Dei
837 3002 979 3064 creatus
1010 3002 1109 3081 esset,
1144 3004 1257 3082 atque

177 3111 429 3190 consequenter
466 3108 614 3188 propriis
650 3108 724 3172 eius
762 3108 898 3170 viribus
935 3110 1098 3171 contenta
1132 3108 1256 3190 fuisse,

177 3215 241 3281 etsi
266 3215 332 3279 hae
356 3215 451 3278 vires
473 3214 519 3277 ad
540 3215 738 3279 ulteriorem
765 3215 999 3279 evolutionem
1023 3232 1123 3278 suam
1143 3216 1257 3297 atque

178 3324 371 3408 proiectum
395 3321 591 3402 indigerent
613 3321 855 3403 cooperatione
879 3321 1021 3386 virtutis
1045 3320 1109 3386 Dei
1143 3326 1257 3404 atque

178 3429 313 3511 gratiae
325 3426 354 3506 ²).
401 3425 577 3506 Quocirca
609 3429 675 3492 etsi
703 3429 739 3491 in
763 3427 936 3510 spirituali
958 3427 1107 3491 hominis
1131 3428 1257 3494 cvolu·

179 3535 269 3598 tione
293 3536 480 3616 praecipue
503 3539 622 3615 partes
646 3535 850 3600 tribuendae
873 3539 955 3599 sunt
972 3535 1109 3618 gratiae
1127 3540 1164 3602 et
1183 3556 1258 3603 non

289 3806 307 3862 ¹)
325 3804 453 3873 ὲαμαλας.
474 3805 534 3873 Περι
555 3806 659 3874 Ἄρχων,
680 3819 706 3871 p.
722 3803 766 3857 67.

287 3894 308 3959 ²)
326 3894 504 3958 Tuxuuucuiii,
533 3909 578 3962 op.
607 3910 629 3946 c.
660 3895 695 3961 ll,
724 3911 780 3946 urs.
810 3895 852 3962 10,
882 3910 908 3962 p.
930 3894 994 3960 1983
1021 3923 1054 3931 -
1084 3892 1261 3964 Consuemps

180 3998 251 4035 vero
270 3998 315 4052 op.
336 4000 359 4036 c.
380 3983 432 4049 ill,
453 3987 467 4045 ξ
486 3984 529 4048 58,
559 3999 584 4050 p.
605 3984 743 4038 tichos·
752 3984 838 4037 modo
857 3983 961 4036 eadem
982 3985 1118 4052 exponit:
1142 3985 1258 4040 «Theo-
