2872 4666
204 107 310 171 etiam
347 124 460 171 sermo
496 106 538 170 de
575 106 717 188 speciali
754 106 908 188 quadam
943 107 1069 189 gratia,
1105 125 1177 190 qua
1206 102 1328 173 Illol
1344 95 1409 167 lle

205 213 334 278 homini
352 214 590 279 succurrebat
616 213 690 278 «Ad
708 214 929 295 firmandam,
947 214 1061 298 inquit
1083 214 1151 298 ille,
1170 215 1252 297 prim
1260 213 1407 277 [nni

205 321 352 385 hominis
385 321 602 387 voluntatem
637 321 673 384 in
707 321 796 385 bono
827 327 862 386 et
893 321 929 384 in
961 339 1089 404 genere
1120 323 1167 385 ad
1197 323 1285 386 eiua
1297 332 1404 382 uus

205 429 399 509 proiectum
426 427 463 490 in
481 428 556 492 vita
575 427 748 508 spirituali
772 427 867 492 Dens
885 427 965 493 inde
983 430 1029 492 ab
1047 428 1124 509 ipsa
1142 429 1400 512 originaria

204 551 304 597 suam
323 534 476 616 gratiam
490 534 521 598 ei
535 533 641 613 dedit;
664 552 755 616 quae
774 534 889 616 gratia
908 533 1071 599 continuo
1090 535 1126 597 in
1145 527 1394 599 nesciaris

205 642 506 723 protoparentibus
538 641 721 705 habitabat
751 645 897 724 eratque
929 642 979 706 eis
1010 641 1119 706 vestis
1152 641 1339 706 instar-1
1348 650 1387 714 vr,

205 754 243 810 ut
266 766 309 812 sa.
333 754 451 830 patres
474 748 608 826 dicunt;
645 753 750 830 atque
783 765 844 828 per
867 748 960 812 hanc
983 749 1134 830 gratiam
1159 749 1383 813 Adauxxn

203 858 239 919 et
270 855 348 918 Eva
380 859 481 919 erant
512 856 548 918 in
580 855 746 920 continua
779 873 860 919 cum
893 854 967 919 Deo
1004 855 1280 920 communione.-
1306 886 1381 910 -····

204 959 304 1041 Quod
328 963 416 1027 haec
439 963 553 1044 gratia
579 965 653 1025 tum
679 962 788 1043 primo
813 961 943 1025 homini
976 968 1050 1025 tum
1083 963 1118 1026 in
1145 981 1303 1045 genera
1311 963 1378 1008 ”e

204 1069 296 1132 omni
316 1069 478 1133 rationali
496 1072 682 1134 creaturae
701 1069 900 1133 necessaria
918 1073 980 1150 est,
999 1069 1134 1152 antiqui
1154 1073 1302 1150 patrea
1316 1067 1383 1114 5⁸

204 1195 250 1241 ex
273 1194 344 1240 una
372 1182 472 1257 parte
502 1195 549 1241 ex
582 1175 792 1258 proprietate
824 1176 933 1257 ipsius
964 1178 1114 1241 naturae
1146 1171 1386 1241 harunzifl

204 1286 447 1348 creaturarum
481 1283 708 1362 deducebant,
742 1300 841 1366 quae,
874 1299 956 1346 cum
988 1282 1160 1349 limitatae
1196 1275 1348 1347 sintcr
1359 1261 1398 1334 t,

204 1408 266 1471 per
302 1408 340 1454 se
376 1391 563 1455 subsistere
600 1409 669 1453 non
705 1394 857 1472 possunt
895 1389 954 1454 sed
986 1389 1155 1472 quidquid
1187 1374 1407 1472 11111315

205 1498 342 1580 habent,
365 1515 387 1560 a
412 1498 485 1562 Deo
508 1497 686 1579 accipiant
710 1515 850 1569 necesse
873 1502 938 1578 est;
972 1515 1017 1561 ex
1048 1497 1163 1562 altera
1186 1481 1417 1563 1111100

205 1609 304 1686 parte
336 1623 381 1669 ex
413 1606 583 1688 qualitate
616 1605 786 1670 limitatae
818 1622 940 1670 earum
968 1603 1150 1688 libertatis,
1181 1583 1427 1688 (111193

204 1712 250 1776 ad
274 1713 471 1795 eligendum
503 1719 538 1777 et
569 1713 698 1776 bonum
730 1717 765 1777 et
797 1712 928 1776 malum
961 1729 1072 1794 aeque
1104 1715 1190 1794 apta
1222 1712 1325 1778 esar
1339 1700 1393 1749 5

205 1824 319 1902 atque,
344 1824 383 1882 ut
405 1819 533 1902 eligere
555 1820 662 1902 possit
686 1823 719 1884 et
742 1820 861 1884 iacere
883 1818 1020 1898 bonum,
1052 1817 1190 1901 gratiae
1221 1838 1311 1885 ροκ
1339 1808 1403 1851 ⁰

205 1926 405 2007 operatione
429 1930 538 2008 eget».

312 2031 437 2116 Itaque
462 2034 549 2098 haec
571 2033 697 2116 gratia,
721 2034 750 2097 si
774 2032 810 2095 in
833 2051 870 2098 se
893 2034 1078 2115 spectetur,
1101 2033 1270 2099 acceder-

207 2242 464 2328 cooperantem;
483 2266 551 2311 non
570 2249 673 2329 plane
688 2251 814 2330 tamen,
832 2246 915 2331 quia
930 2265 998 2310 non
1012 2246 1153 2328 ponitur
1168 2265 1280 2329 supra

205 2355 418 2436 exigentiam
455 2358 604 2419 naturae
637 2358 779 2419 creatae
810 2359 845 2418 et
876 2371 919 2418 ea
951 2352 1114 2418 continuo
1148 2353 1282 2419 dicitur

207 2460 382 2525 habitasse
406 2463 440 2524 in
465 2462 765 2543 protoparentibus
778 2459 807 2539 ¹)

316 2729 335 2792 ¹)
354 2727 517 2790 Quominns
545 2728 676 2795 praecise
704 2725 929 2794 determinetur,
959 2724 997 2778 de
1022 2739 1155 2794 quanam
1176 2728 1284 2795 gratia
1368 2722 1384 2742 ‘

208 2815 352 2870 Macarius
371 2816 418 2868 hic
436 2817 587 2884 loquatur,
606 2815 820 2869 difficultatem
835 2816 950 2868 faciunt
964 2813 1017 2868 illa
1030 2813 1137 2868 verba:
1161 2816 1284 2883 «gratia
1295 2856 1302 2863 .
1315 2804 1432 2855 θ’

207 2903 280 2957 haec
298 2904 439 2957 continuo
458 2904 489 2956 in
508 2904 767 2972 protoparentibus
781 2903 969 2956 inhabitabat
984 2906 1108 2970 eratque
1123 2901 1169 2957 eis
1183 2905 1284 2958 vestis
1359 2905 1376 2928 ²

207 2993 326 3046 instar».
348 3023 381 3031 —
401 2991 517 3047 Similia
543 2993 636 3046 verba
662 2997 691 3046 et
716 2993 797 3060 apud
815 2991 995 3047 silvestrum
1014 2995 1193 3046 occurrunt:
1213 2991 1273 3047 Gna

207 3099 309 3150 accipe,
330 3097 375 3151 op.
394 3098 418 3135 c.
438 3082 490 3148 Ill,
510 3087 524 3145 ξ
543 3083 586 3146 57,
606 3098 632 3151 p.
653 3082 706 3136 410
725 3098 775 3151 sq,
795 3082 845 3135 sed
864 3081 939 3134 nihil
954 3079 1036 3134 aliud
1049 3080 1159 3147 volunt
1173 3079 1281 3149 ‚dicere

208 3172 278 3224 nisi:
297 3172 446 3224 hominem
466 3172 676 3239 providentiali
702 3171 757 3224 Dei
782 3186 854 3225 cura
879 3170 972 3224 tuisse
996 3168 1199 3239 undequaque
1224 3172 1282 3225 cir-

208 3259 394 3327 cumdatum;
404 3261 513 3312 etenim
524 3260 742 3328 providentiam
757 3258 925 3313 identificat
940 3256 1162 3313 Silvestcrcum
1176 3259 1349 3327 gratia!

208 3357 239 3401 et
253 3348 377 3401 alteram
397 3350 520 3402 alterius
540 3350 602 3402 loco
622 3350 713 3418 ponit.
734 3348 849 3403 Pariter
868 3348 920 3401 illa
938 3347 1044 3401 verba:
1064 3350 1279 3417 «protoparen-

209 3442 253 3490 tes
272 3454 324 3506 per
342 3438 419 3491 hanc
433 3440 563 3506 gratiam
579 3438 610 3490 in
624 3439 768 3492 continua
781 3454 850 3492 cum
865 3436 927 3490 Deo
941 3435 1281 3491 commeminisse»
