2872 4666
532 346 773 411 -193-

23 555 290 624 Adamum
304 561 332 640 ¹).
357 559 454 625 Haeo
469 562 551 625 sunt
564 559 690 643 quibus
709 560 799 624 russi
814 562 1002 643 praecipue
1016 559 1186 642 nituntur,

27 679 83 724 (ι
96 681 195 731 um
220 667 410 731 catholicos
433 666 674 748 pelagianismi
696 671 860 749 arguunt.

222 773 323 855 Quae
354 775 500 840 obiectio
527 793 573 839 ex
594 793 634 840 eo
658 778 735 838 orta
759 778 820 856 est,
852 774 944 859 quod
961 774 1067 856 russi,
1101 791 1182 838 oum

41 883 253 947 nomine
267 881 403 964 gratiae
422 899 490 945 non
509 880 706 963 intelligant
724 881 789 945 uisi
809 882 992 963 providam
1006 879 1186 964 quandam

44 994 265 1055 naturae
288 989 435 1053 hominis
458 989 610 1054 debitam
643 989 708 1053 Dei
740 991 1027 1071 cooperationem,
1059 993 1186 1070 putant

46 1097 306 1160 catholicos
330 1113 467 1178 quoque
490 1095 581 1160 idem
604 1095 798 1178 intelligere
821 1099 927 1178 atque
950 1094 1185 1159 abstrahendo

53 1205 268 1278 gratiam
283 1220 351 1266 non
366 1201 571 1267 abstrahere
584 1202 650 1266 nisi
667 1201 759 1265 hanc
773 1203 1050 1283 cooperationem
1069 1202 1186 1265 simul-

56 1311 221 1393 atque
235 1309 483 1392 perlectionem
496 1327 588 1393 quae
607 1327 671 1391 ope
689 1310 763 1375 eius
782 1310 956 1392 acquisita
975 1309 1029 1374 sit.
1052 1309 1187 1374 Deinde

64 1428 197 1481 oum
221 1413 313 1481 russi
331 1435 400 1480 non
419 1421 633 1500 cognoscant
644 1417 741 1481 vdona
760 1435 851 1501 quae
870 1417 1017 1481 dicimus
1032 1421 1185 1498 praeter-

68 1525 303 1607 naturalia,
335 1524 395 1588 sed
428 1523 499 1588 alia
531 1542 577 1590 ex
605 1524 654 1588 eis
678 1525 884 1607 ammittant,
907 1525 979 1588 alia
1003 1524 1048 1588 ad
1071 1525 1186 1606 provi·

72 1623 253 1696 dentiae
284 1631 460 1695 iniluxum
491 1631 655 1714 referant,
690 1632 760 1694 alia
793 1635 943 1696 naturae
975 1632 1123 1697 hominis
1147 1636 1186 1695 ut

76 1727 231 1803 debita
264 1739 429 1820 tribuant,
462 1740 628 1822 sequitur,
661 1745 700 1803 ut
724 1739 861 1803 nomine
892 1744 1043 1805 naturae
1075 1757 1186 1821 purae
1258 1748 1262 1753 '
1344 1772 1347 1782 ι

78 1835 248 1927 aliquid
270 1845 367 1908 allud
390 1845 587 1928 intelligant
609 1848 716 1928 atque
739 1846 916 1910 catholici:
941 1850 1096 1910 nostram
1122 1847 1186 1910 sci·

80 1933 199 2015 lieet
230 1955 395 2016 naturam
427 1969 554 2033 puram
586 1952 658 2015 iam
689 1937 833 2016 auctam
856 1953 1065 2036 quibusdam
1089 1952 1187 2016 donis

81 2052 489 2124 praeternaturalibus:
523 2077 647 2141 nempe
678 2059 888 2142 integritatis
912 2064 946 2125 et
969 2061 1187 2142 impassibili-

80 2141 208 2230 tatis,
231 2165 324 2230 Hinc
347 2165 396 2229 nil
420 2165 547 2229 mirum
570 2178 632 2247 est,
655 2167 746 2249 quod
770 2185 839 2230 non
862 2167 1069 2252 intelligunt,
1102 2167 1186 2250 quid

78 2262 282 2337 Catholici
300 2273 365 2338 sibi
383 2274 502 2349 velint,
521 2291 602 2337 cum
621 2274 742 2338 dicant
760 2275 894 2340 ratione
912 2280 1062 2341 naturae
1076 2293 1188 2357 purae

78 2365 252 2444 11ullum
266 2381 449 2447 essentiale
463 2382 651 2446 discrimen
664 2400 740 2446 esse
754 2381 844 2446 inter
859 2383 1032 2446 hominem
1047 2383 1186 2464 lapsum

76 2473 153 2541 Q
176 2488 347 2552 hominem
378 2489 562 2570 integrum,
595 2489 832 2554 abstractione
864 2507 988 2570 nempe
1019 2491 1116 2554 iacta
1139 2508 1186 2555 ex

83 2578 189 2657 ulia
211 2597 312 2677 parte
335 2612 357 2658 a
381 2595 523 2658 macula
547 2596 683 2677 peccati
711 2596 889 2679 originalis
921 2615 966 2660 ex
998 2595 1069 2659 alia
1100 2613 1186 2661 vero

86 2693 134 2751 Q
164 2701 260 2766 donis
283 2702 645 2783 praeternaturalibus
658 2701 687 2781 ²).

106 2890 331 2916 N.—

10 3078 12 3085 ,
226 3022 247 3088 ¹)
265 3021 432 3091 Cumaemps
451 3027 481 3075 et
499 3021 677 3088 Tnxnnncnih,
697 3025 751 3077 loc.
771 3023 833 3090 cit.;
853 3053 885 3062 -
904 3023 1061 3091 Hmmnops,
1088 3038 1133 3091 op.
1161 3037 1186 3074 c.

119 3121 143 3178 p.
162 3111 284 3179 61-673
303 3140 336 3150 -
356 3110 501 3180 enarrans,
521 3126 566 3179 op.
586 3127 608 3164 o.
629 3111 667 3179 ΙΙ,
688 3116 703 3177 5
722 3113 766 3179 39,
786 3129 812 3182 p.
833 3112 953 3180 52-53;
979 3143 1012 3150 -
1030 3112 1185 3179 leuauerant,

15 3218 27 3249 a
120 3214 161 3270 op.
182 3216 206 3254 c.
226 3215 253 3268 p.
272 3200 391 3265 39-40;
412 3231 445 3238 -
463 3201 645 3270 prouoaoaiil
670 3202 705 3255 m.
725 3202 837 3269 Pyaonn.
863 3219 899 3254 rra
925 3201 1021 3256 Ourna
1048 3202 1187 3255 Boreonon.

10 3283 33 3337 19¹
118 3288 180 3352 aar.
201 3292 225 3354 ἰ),
246 3289 388 3342 Mornuem,
406 3307 440 3342 na
457 3289 578 3360 llnhupb.
600 3291 677 3359 1889,
698 3306 725 3359 p.
745 3291 865 3358 30-31;
884 3295 914 3344 et
933 3292 993 3344 alii.

10 3434 13 3443 ,
226 3378 246 3446 ²)
266 3377 384 3432 Maioris
402 3380 547 3433 claritatis
575 3395 666 3434 causa
689 3380 878 3434 diversorum
897 3382 1024 3433 hominis
1044 3385 1186 3448 statuum,

10 3464 13 3470 ’
113 3483 244 3538 quorum
264 3469 373 3522 mentio
393 3470 531 3536 occurrit,
550 3470 702 3523 notionem
721 3470 924 3537 adiungimus.
944 3468 1187 3522 Nominestatus

115 3557 300 3625 intelligitur
320 3557 466 3612 «conditio
486 3573 538 3612 seu
557 3559 663 3612 modus
683 3575 714 3612 se
733 3558 862 3612 habendi
886 3563 1013 3612 naturae
1033 3559 1188 3612 rationalis

112 3647 154 3702 ad
174 3645 272 3700 Deum
301 3651 455 3716 tamquam
483 3648 521 3701 ad
546 3664 635 3704 suum
661 3649 803 3702 ultimum
832 3650 924 3702 tinem
953 3650 1038 3702 iuxta
1066 3648 1189 3703 divinae

114 3735 322 3806 providentiae
354 3737 603 3806 ordinationem»,
632 3753 710 3806 quae
738 3738 885 3792 ordinatio
912 3753 980 3791 cum
1009 3740 1068 3791 alia
1097 3743 1189 3806 atque

111 3827 176 3881 alia
205 3839 269 3878 essa
296 3827 397 3894 possit,
425 3827 557 3895 theologi
583 3829 681 3881 varios
707 3827 835 3880 hominis
864 3831 960 3880 status
986 3827 1188 3896 distinguunt,

111 3929 243 3986 quorum
255 3914 306 3967 alli
321 3915 423 3983 reales,
443 3916 494 3969 alii
510 3917 693 3970 solummodo
709 3917 862 3985 possibiles
877 3922 954 3984 sunt,
970 3922 1055 3985 puta:
1075 3921 1187 3970 statum

109 4011 244 4064 naturae
254 4019 356 4072 purae,
367 4005 511 4073 integrae,
522 4007 667 4072 elevatae,
678 4011 790 4060 statum
805 4007 937 4060 iustitiae
952 4007 1115 4075 originalis,
1132 4013 1189 4060 sta-

171 4115 251 4145 romam
266 4115 357 4145 rossoton.
1031 4097 1064 4150 13
