2872 4666
633 503 825 568 ..g-

196 716 374 781 canonicis
411 717 700 782 adnumerantur:
738 716 871 799 TobiaS,
912 717 934 782 J
938 717 1043 800 udith,
1086 717 1267 798 Sapientia

195 822 397 905 Salomonis,
420 821 597 904 Sapientia
616 823 680 886 filii
700 823 832 899 Sirach,
855 842 973 888 omnes
992 824 1072 887 libri
1090 826 1130 907 (1,
1149 825 1220 889 let
1234 824 1268 902 3)

195 929 520 1012 Macchabaeorum,
553 932 573 996 2
606 933 641 995 et
664 931 684 995 3
709 931 841 997 Esdrae
871 932 990 1012 (nostri
1014 932 1034 996 3
1066 937 1102 997 et
1133 933 1155 996 4
1182 950 1271 1023 apo-y

193 1036 342 1119 cryphi);
366 1040 548 1118 praeterea
571 1042 689 1119 partes
713 1037 846 1120 Esther,
870 1056 960 1121 quae
984 1039 1018 1103 in
1052 1038 1096 1103 70
1117 1056 1269 1104 numero

194 1161 361 1209 versuum
385 1162 453 1208 non
478 1147 559 1207 sunt
581 1148 731 1229 notatae,
759 1147 913 1228 hymnus
937 1146 1041 1210 trium
1066 1164 1266 1228 puerorum,

196 1251 338 1316 historia
363 1232 447 1317 Beli
465 1255 499 1317 et
523 1251 703 1332 Draconis,
735 1254 845 1317 oratio
879 1254 1074 1336 Manassae,
1106 1254 1269 1334 psalmus

196 1359 256 1425 151
283 1357 431 1423 Davidis
460 1363 581 1423 contra
616 1358 763 1424 Goliath.
789 1397 829 1406 -
855 1360 995 1424 Baruch
1019 1379 1104 1426 vero
1127 1365 1162 1424 et
1184 1360 1264 1442 Epi-

197 1467 286 1531 stola
300 1466 474 1531 ieremiae
487 1468 533 1532 ab
548 1467 625 1532 aliis
645 1467 811 1550 theologis
830 1468 927 1532 libris
942 1467 1119 1532 canonicis
1138 1485 1266 1532 aecen-

196 1576 326 1658 sentur,
362 1574 407 1637 ab
441 1574 518 1638 aliis
551 1591 636 1638 vero
668 1574 713 1638 ad
747 1592 814 1639 non
847 1574 1018 1640 canonica
1051 1575 1183 1656 scripta
1212 1593 1269 1639 re·

194 1681 365 1764 legantur.

301 1787 396 1854 Inter
411 1788 517 1852 Trad
528 1789 721 1854 itionem
740 1807 825 1853 vero
840 1793 875 1853 et
889 1787 1106 1871 Scripturam
1122 1806 1266 1852 sacram

194 1896 282 1960 haec
305 1913 381 1961 esse
409 1895 532 1961 relatio
564 1896 704 1961 dicitur:
738 1897 896 1980 Utraque
928 1897 1082 1961 continet
1113 1898 1266 1963 verbum

196 2003 269 2086 Dei,
294 2006 443 2087 utraque
466 2009 519 2070 est
542 2007 618 2069 fons
641 2005 731 2085 fidei,
756 2009 904 2087 utraque
928 2006 1023 2086 paris
1048 2004 1206 2068 utilitatis
1230 2009 1269 2068 et

194 2112 420 2176 necessitatis
444 2110 510 2176 Sed
533 2110 715 2193 Scriptura
739 2110 849 2176 Sacra
882 2115 936 2176 est
967 2113 1043 2176 fons
1074 2111 1269 2193 primarius

196 2221 230 2284 et
267 2219 558 2302 fundamentalis,
600 2219 739 2283 traditio
781 2220 993 2283 solummodo
1034 2219 1269 2284 secundarius

195 2327 279 2408 iona,
304 2326 363 2409 qui
383 2329 519 2389 tanturn
539 2325 638 2390 abest
662 2331 699 2388 ut
723 2326 956 2407 independens
976 2326 1020 2391 sit
1039 2345 1060 2390 a
1081 2326 1267 2408 Scriptura

194 2450 307 2515 sacra,
345 2436 384 2496 ut
416 2432 446 2496 ei
480 2431 672 2497 subiciatur
704 2451 852 2516 eamque
885 2434 1123 2496 tantummodo
1155 2433 1266 2497 iuvet.

196 2539 377 2622 Scriptura
393 2557 496 2604 sacra
516 2540 696 2605 criterium
717 2557 824 2605 verae
844 2539 1037 2604 traditionis
1051 2539 1267 2621 declaratur,

192 2645 388 2711 traditionis
411 2665 496 2712 vero
520 2647 673 2711 officium
693 2647 739 2711 ad
758 2646 1005 2729 explicandam
1032 2647 1264 2728 interpretan-

193 2755 343 2837 damque
368 2753 586 2836 Scripturam
610 2755 797 2821 reducitur.
823 2792 860 2800 -
888 2753 988 2834 Quae
1012 2772 1092 2819 oum
1116 2755 1165 2818 ita
1185 2754 1265 2836 sint,

193 2879 319 2944 parum
342 2862 571 2944 attendemus,
595 2862 764 2944 quomodo
787 2862 877 2926 russi
903 2860 952 2927 Ss.
976 2861 1098 2927 Patres
1122 2863 1179 2926 vel
1203 2862 1261 2924 ad-

191 2968 334 3033 hibeant
357 2970 416 3032 vel
439 2963 720 3050 interpretentur.

300 3075 457 3158 Denique
482 3075 634 3140 libros
658 3077 950 3159 symbolicos
983 3077 1074 3141 russi
1105 3078 1141 3140 in
1174 3076 1265 3139 duas
1342 3143 1344 3146 ,

192 3183 353 3249 dividunt
390 3184 529 3263 classes,
572 3202 722 3266 quarum
764 3185 877 3249 altera
920 3203 977 3250 eos
1019 3185 1263 3266 complectitur

193 3290 298 3354 libros
322 3309 408 3372 quos
432 3291 592 3355 Ecclesia
611 3291 802 3354 orthodoxa
822 3310 843 3354 a
864 3291 990 3356 Vetere
1010 3291 1168 3356 Ecclesia
1189 3290 1262 3354 uni·

193 3398 323 3463 versali
348 3399 534 3481 acceperit,
558 3400 670 3464 altera
695 3417 780 3463 vero
805 3417 871 3479 eos,
895 3417 980 3481 quos
1004 3399 1079 3481 ipsa
1099 3399 1163 3462 sibi
1182 3416 1260 3464 con-

192 3504 323 3586 iecerit,
357 3523 505 3587 quorum
529 3506 632 3569 alteri
655 3506 835 3570 absolutae
858 3524 934 3571 esse
958 3506 1121 3570 dicuntur
1144 3510 1262 3570 aucto-

192 3613 307 3677 ritatis
345 3613 447 3678 alteri
489 3613 663 3678 relativae
704 3614 933 3696 solummodo,
984 3617 1120 3678 tantum
1172 3614 1262 3679 scili·

194 3724 250 3784 cet
300 3721 422 3785 valere
469 3724 641 3802 quantum
693 3739 774 3785 curn
820 3721 918 3785 libris
964 3721 1098 3802 primae
1139 3722 1262 3785 classis

195 3827 418 3891 conveniant.
454 3863 494 3874 —-
530 3829 667 3893 Primae
709 3829 813 3893 classi
851 3829 1128 3894 adnumerantur
1168 3848 1261 3912 sym·

194 3933 274 3997 bola
307 3937 342 3999 et
374 3952 525 3999 canones
559 3939 632 3999 tum
672 3937 689 4000 7
728 3933 960 4000 Conciliorum
999 3935 1295 4000 Universalium·

191 4041 270 4106 et9
299 4042 577 4125 particularium,
614 4046 689 4106 tum
726 4062 770 4108 ss.
803 4043 1045 4126 Apostolorum
1077 4042 1149 4127 (85),
1186 4048 1261 4108 tum

189 4148 404 4213 ssPatrum:
420 4185 452 4192 -
472 4150 580 4214 verbo
599 4150 714 4214 omnia
734 4168 824 4233 quae
844 4150 937 4232 apud
955 4167 1100 4232 graecos
1121 4149 1261 4233 Pidalio‚
