<?xml version="1.0" encoding="UTF-8"?>
<!DOCTYPE html PUBLIC "-//W3C//DTD XHTML 1.0 Transitional//EN"
    "http://www.w3.org/TR/xhtml1/DTD/xhtml1-transitional.dtd">
<html xmlns="http://www.w3.org/1999/xhtml" xml:lang="en" lang="en">
 <head>
  <title>
</title>
<meta http-equiv="Content-Type" content="text/html;charset=utf-8" />
  <meta name='ocr-system' content='tesseract 3.04.00' />
  <meta name='ocr-capabilities' content='ocr_page ocr_carea ocr_par ocr_line ocrx_word'/>
</head>
<body>
  <div class='ocr_page' id='page_1' title='image "./doctrinarussoru00matgoog_0213.png"; bbox 0 0 2872 4666; ppageno 0'>
   <div class='ocr_carea' id='block_1_1' title="bbox 609 103 847 176">
    <p class='ocr_par' dir='ltr' id='par_1_1' title="bbox 609 103 847 176">
     <span class='ocr_line' id='line_1_1' title="bbox 609 103 847 176; baseline 0.004 -1"><span class='ocrx_word' id='word_1_1' title='bbox 609 103 847 176; x_wconf 57' lang='grc' dir='ltr'>--209-ἐ</span> 
     </span>
    </p>
   </div>
   <div class='ocr_carea' id='block_1_2' title="bbox 189 324 1273 3839">
    <p class='ocr_par' dir='ltr' id='par_1_2' title="bbox 190 324 1272 514">
     <span class='ocr_line' id='line_1_2' title="bbox 190 324 1272 406; baseline -0.004 -16"><span class='ocrx_word' id='word_1_2' title='bbox 190 326 296 390; x_wconf 90' lang='lat' dir='ltr'>finem</span> <span class='ocrx_word' id='word_1_3' title='bbox 330 343 432 389; x_wconf 84' lang='lat' dir='ltr'>suurn</span> <span class='ocrx_word' id='word_1_4' title='bbox 465 324 626 389; x_wconf 90' lang='lat' dir='ltr'>ultimum</span> <span class='ocrx_word' id='word_1_5' title='bbox 659 325 704 388; x_wconf 90' lang='lat' dir='ltr'>sit</span> <span class='ocrx_word' id='word_1_6' title='bbox 736 327 771 388; x_wconf 95' lang='lat' dir='ltr'>in</span> <span class='ocrx_word' id='word_1_7' title='bbox 804 324 923 389; x_wconf 85' lang='lat' dir='ltr'>ordine</span> <span class='ocrx_word' id='word_1_8' title='bbox 955 325 1060 406; x_wconf 84' lang='lat' dir='ltr'>plane</span> <span class='ocrx_word' id='word_1_9' title='bbox 1092 324 1272 388; x_wconf 90' lang='lat' dir='ltr'>naturali:</span> 
     </span>
     <span class='ocr_line' id='line_1_3' title="bbox 191 432 841 514; baseline -0.002 -19"><span class='ocrx_word' id='word_1_10' title='bbox 191 432 279 496; x_wconf 89' lang='lat' dir='ltr'>mira</span> <span class='ocrx_word' id='word_1_11' title='bbox 303 432 599 514; x_wconf 78' lang='lat' dir='ltr'>inconsequentia!</span> <span class='ocrx_word' id='word_1_12' title='bbox 838 443 841 447; x_wconf 85' lang='grc'><em>·</em></span> 
     </span>
    </p>

    <p class='ocr_par' dir='ltr' id='par_1_3' title="bbox 189 537 1273 1889">
     <span class='ocr_line' id='line_1_4' title="bbox 298 537 1273 620; baseline 0 -18"><span class='ocrx_word' id='word_1_13' title='bbox 298 539 481 604; x_wconf 87' lang='lat' dir='ltr'>Beatitudo</span> <span class='ocrx_word' id='word_1_14' title='bbox 504 539 595 603; x_wconf 92' lang='lat' dir='ltr'>enim</span> <span class='ocrx_word' id='word_1_15' title='bbox 616 543 768 611; x_wconf 84' lang='lat' dir='ltr'>aeterna,</span> <span class='ocrx_word' id='word_1_16' title='bbox 792 543 831 603; x_wconf 93' lang='lat' dir='ltr'>ut</span> <span class='ocrx_word' id='word_1_17' title='bbox 849 537 1009 620; x_wconf 90' lang='lat' dir='ltr'>vidimus,</span> <span class='ocrx_word' id='word_1_18' title='bbox 1033 556 1102 602; x_wconf 90' lang='lat' dir='ltr'>non</span> <span class='ocrx_word' id='word_1_19' title='bbox 1121 539 1273 620; x_wconf 89' lang='lat' dir='ltr'>ponitur</span> 
     </span>
     <span class='ocr_line' id='line_1_5' title="bbox 190 646 1271 728; baseline 0 -19"><span class='ocrx_word' id='word_1_20' title='bbox 190 665 302 728; x_wconf 92' lang='lat' dir='ltr'>neque</span> <span class='ocrx_word' id='word_1_21' title='bbox 325 665 434 728; x_wconf 89' lang='lat' dir='ltr'>supra</span> <span class='ocrx_word' id='word_1_22' title='bbox 457 651 621 709; x_wconf 87' lang='lat' dir='ltr'>naturam</span> <span class='ocrx_word' id='word_1_23' title='bbox 645 646 804 710; x_wconf 89' lang='lat' dir='ltr'>hominis:</span> <span class='ocrx_word' id='word_1_24' title='bbox 839 647 915 726; x_wconf 88' lang='lat' dir='ltr'>ipsa</span> <span class='ocrx_word' id='word_1_25' title='bbox 939 651 1068 709; x_wconf 87' lang='lat' dir='ltr'>natura</span> <span class='ocrx_word' id='word_1_26' title='bbox 1100 663 1183 710; x_wconf 87' lang='lat' dir='ltr'>earn</span> <span class='ocrx_word' id='word_1_27' title='bbox 1208 646 1271 709; x_wconf 86' lang='lat' dir='ltr'>ho&#39;·</span> 
     </span>
     <span class='ocr_line' id='line_1_6' title="bbox 191 753 1272 834; baseline -0.001 -19"><span class='ocrx_word' id='word_1_28' title='bbox 191 753 273 816; x_wconf 89' lang='lat' dir='ltr'>mini</span> <span class='ocrx_word' id='word_1_29' title='bbox 297 754 445 818; x_wconf 87' lang='lat' dir='ltr'>ostendit</span> <span class='ocrx_word' id='word_1_30' title='bbox 473 759 508 818; x_wconf 91' lang='lat' dir='ltr'>et</span> <span class='ocrx_word' id='word_1_31' title='bbox 536 755 635 817; x_wconf 86' lang='lat' dir='ltr'>horno</span> <span class='ocrx_word' id='word_1_32' title='bbox 654 754 686 817; x_wconf 87' lang='lat' dir='ltr'>ei</span> <span class='ocrx_word' id='word_1_33' title='bbox 705 754 957 834; x_wconf 83' lang='lat' dir='ltr'>correspondet,</span> <span class='ocrx_word' id='word_1_34' title='bbox 982 755 1272 833; x_wconf 79' lang='lat' dir='ltr'>proportionatus</span> 
     </span>
     <span class='ocr_line' id='line_1_7' title="bbox 189 860 1270 943; baseline -0.003 -18"><span class='ocrx_word' id='word_1_35' title='bbox 189 864 255 942; x_wconf 83' lang='lat' dir='ltr'>est3</span> <span class='ocrx_word' id='word_1_36' title='bbox 289 879 400 943; x_wconf 91' lang='lat' dir='ltr'>neque</span> <span class='ocrx_word' id='word_1_37' title='bbox 428 879 535 942; x_wconf 89' lang='lat' dir='ltr'>supra</span> <span class='ocrx_word' id='word_1_38' title='bbox 558 860 771 942; x_wconf 82' lang='lat' dir='ltr'>exigentiam</span> <span class='ocrx_word' id='word_1_39' title='bbox 795 861 942 925; x_wconf 92' lang='lat' dir='ltr'>hominis</span> <span class='ocrx_word' id='word_1_40' title='bbox 965 878 1009 924; x_wconf 88' lang='lat' dir='ltr'>ac</span> <span class='ocrx_word' id='word_1_41' title='bbox 1033 860 1270 925; x_wconf 89' lang='lat' dir='ltr'>tendentiam:</span> 
     </span>
     <span class='ocr_line' id='line_1_8' title="bbox 190 967 1271 1051; baseline 0.002 -21"><span class='ocrx_word' id='word_1_42' title='bbox 190 967 291 1031; x_wconf 90' lang='lat' dir='ltr'>homo</span> <span class='ocrx_word' id='word_1_43' title='bbox 314 972 387 1031; x_wconf 86' lang='lat' dir='ltr'>tota</span> <span class='ocrx_word' id='word_1_44' title='bbox 410 975 539 1032; x_wconf 86' lang='lat' dir='ltr'>natura</span> <span class='ocrx_word' id='word_1_45' title='bbox 562 986 627 1033; x_wconf 85' lang='lat' dir='ltr'>sua</span> <span class='ocrx_word' id='word_1_46' title='bbox 650 968 813 1031; x_wconf 87' lang='lat' dir='ltr'>rationali</span> <span class='ocrx_word' id='word_1_47' title='bbox 836 969 948 1032; x_wconf 86' lang='lat' dir='ltr'>fertur</span> <span class='ocrx_word' id='word_1_48' title='bbox 976 968 1022 1031; x_wconf 85' lang='lat' dir='ltr'>ad</span> <span class='ocrx_word' id='word_1_49' title='bbox 1045 984 1123 1032; x_wconf 87' lang='lat' dir='ltr'>eam</span> <span class='ocrx_word' id='word_1_50' title='bbox 1148 968 1271 1051; x_wconf 85' lang='lat' dir='ltr'>neque</span> 
     </span>
     <span class='ocr_line' id='line_1_9' title="bbox 189 1075 1269 1158; baseline 0.002 -21"><span class='ocrx_word' id='word_1_51' title='bbox 189 1075 369 1157; x_wconf 84' lang='lat' dir='ltr'>quiescere</span> <span class='ocrx_word' id='word_1_52' title='bbox 380 1080 491 1157; x_wconf 90' lang='lat' dir='ltr'>potest</span> <span class='ocrx_word' id='word_1_53' title='bbox 506 1077 571 1140; x_wconf 91' lang='lat' dir='ltr'>nisi</span> <span class='ocrx_word' id='word_1_54' title='bbox 585 1094 628 1141; x_wconf 87' lang='lat' dir='ltr'>ea</span> <span class='ocrx_word' id='word_1_55' title='bbox 643 1076 797 1156; x_wconf 84' lang='lat' dir='ltr'>obtenta3</span> <span class='ocrx_word' id='word_1_56' title='bbox 811 1093 924 1157; x_wconf 90' lang='lat' dir='ltr'>neque</span> <span class='ocrx_word' id='word_1_57' title='bbox 938 1075 1075 1157; x_wconf 86' lang='lat' dir='ltr'>proprie</span> <span class='ocrx_word' id='word_1_58' title='bbox 1090 1076 1269 1158; x_wconf 89' lang='lat' dir='ltr'>loquendo</span> 
     </span>
     <span class='ocr_line' id='line_1_10' title="bbox 189 1182 1267 1266; baseline 0.002 -21"><span class='ocrx_word' id='word_1_59' title='bbox 189 1200 297 1264; x_wconf 86' lang='lat' dir='ltr'>supra</span> <span class='ocrx_word' id='word_1_60' title='bbox 320 1183 415 1247; x_wconf 88' lang='lat' dir='ltr'>vires</span> <span class='ocrx_word' id='word_1_61' title='bbox 439 1183 585 1247; x_wconf 91' lang='lat' dir='ltr'>hominis</span> <span class='ocrx_word' id='word_1_62' title='bbox 603 1183 747 1264; x_wconf 66' lang='lat' dir='ltr'>&#39;ponitur</span> <span class='ocrx_word' id='word_1_63' title='bbox 771 1183 859 1247; x_wconf 89' lang='lat' dir='ltr'>haec</span> <span class='ocrx_word' id='word_1_64' title='bbox 884 1182 1068 1264; x_wconf 78' lang='lat' dir='ltr'>beatitudo,</span> <span class='ocrx_word' id='word_1_65' title='bbox 1092 1184 1267 1266; x_wconf 87' lang='lat' dir='ltr'>quamdiu</span> 
     </span>
     <span class='ocr_line' id='line_1_11' title="bbox 191 1288 1266 1372; baseline 0.001 -21"><span class='ocrx_word' id='word_1_66' title='bbox 191 1289 257 1352; x_wconf 87' lang='lat' dir='ltr'>hae</span> <span class='ocrx_word' id='word_1_67' title='bbox 280 1288 374 1353; x_wconf 87' lang='lat' dir='ltr'>vires</span> <span class='ocrx_word' id='word_1_68' title='bbox 397 1289 671 1371; x_wconf 87' lang='lat' dir='ltr'>considerantur,</span> <span class='ocrx_word' id='word_1_69' title='bbox 705 1289 916 1372; x_wconf 83' lang='lat' dir='ltr'>simulatque</span> <span class='ocrx_word' id='word_1_70' title='bbox 948 1307 968 1353; x_wconf 90' lang='lat' dir='ltr'>e</span> <span class='ocrx_word' id='word_1_71' title='bbox 1001 1289 1164 1353; x_wconf 89' lang='lat' dir='ltr'>manibus</span> <span class='ocrx_word' id='word_1_72' title='bbox 1200 1289 1266 1355; x_wconf 93' lang='lat' dir='ltr'>Dei</span> 
     </span>
     <span class='ocr_line' id='line_1_12' title="bbox 191 1396 1265 1479; baseline 0.003 -21"><span class='ocrx_word' id='word_1_73' title='bbox 191 1396 401 1477; x_wconf 89' lang='lat' dir='ltr'>prodierunt,</span> <span class='ocrx_word' id='word_1_74' title='bbox 424 1401 507 1461; x_wconf 90' lang='lat' dir='ltr'>ante</span> <span class='ocrx_word' id='word_1_75' title='bbox 529 1414 665 1461; x_wconf 89' lang='lat' dir='ltr'>omnem</span> <span class='ocrx_word' id='word_1_76' title='bbox 689 1397 931 1475; x_wconf 91' lang='lat' dir='ltr'>evolutionem,</span> <span class='ocrx_word' id='word_1_77' title='bbox 954 1397 989 1459; x_wconf 95' lang='lat' dir='ltr'>in</span> <span class='ocrx_word' id='word_1_78' title='bbox 1013 1400 1108 1460; x_wconf 88' lang='lat' dir='ltr'>statu</span> <span class='ocrx_word' id='word_1_79' title='bbox 1127 1396 1265 1479; x_wconf 75' lang='lat' dir='ltr'>quietis</span> 
     </span>
     <span class='ocr_line' id='line_1_13' title="bbox 192 1504 1264 1585; baseline 0.002 -20"><span class='ocrx_word' id='word_1_80' title='bbox 192 1511 230 1566; x_wconf 92' lang='lat' dir='ltr'>ut</span> <span class='ocrx_word' id='word_1_81' title='bbox 253 1504 302 1566; x_wconf 89' lang='lat' dir='ltr'>ita</span> <span class='ocrx_word' id='word_1_82' title='bbox 326 1504 454 1568; x_wconf 91' lang='lat' dir='ltr'>dicam:</span> <span class='ocrx_word' id='word_1_83' title='bbox 479 1505 579 1568; x_wconf 91' lang='lat' dir='ltr'>homo</span> <span class='ocrx_word' id='word_1_84' title='bbox 603 1506 694 1568; x_wconf 90' lang='lat' dir='ltr'>enim</span> <span class='ocrx_word' id='word_1_85' title='bbox 714 1505 791 1585; x_wconf 89' lang='lat' dir='ltr'>ipsa</span> <span class='ocrx_word' id='word_1_86' title='bbox 810 1509 938 1567; x_wconf 88' lang='lat' dir='ltr'>natura</span> <span class='ocrx_word' id='word_1_87' title='bbox 956 1505 1063 1568; x_wconf 91' lang='lat' dir='ltr'>fuisse</span> <span class='ocrx_word' id='word_1_88' title='bbox 1083 1505 1264 1584; x_wconf 86' lang='lat' dir='ltr'>praeditus</span> 
     </span>
     <span class='ocr_line' id='line_1_14' title="bbox 189 1611 1263 1694; baseline 0.002 -20"><span class='ocrx_word' id='word_1_89' title='bbox 189 1611 318 1676; x_wconf 91' lang='lat' dir='ltr'>dicitur</span> <span class='ocrx_word' id='word_1_90' title='bbox 342 1612 477 1675; x_wconf 92' lang='lat' dir='ltr'>viribus</span> <span class='ocrx_word' id='word_1_91' title='bbox 501 1613 673 1692; x_wconf 80' lang='lat' dir='ltr'>perfectis,</span> <span class='ocrx_word' id='word_1_92' title='bbox 708 1612 811 1692; x_wconf 87' lang='lat' dir='ltr'>plane</span> <span class='ocrx_word' id='word_1_93' title='bbox 834 1613 926 1694; x_wconf 90' lang='lat' dir='ltr'>aptis</span> <span class='ocrx_word' id='word_1_94' title='bbox 949 1615 983 1676; x_wconf 91' lang='lat' dir='ltr'>et</span> <span class='ocrx_word' id='word_1_95' title='bbox 1006 1612 1263 1677; x_wconf 74' lang='lat' dir='ltr'>sufficientibus</span> 
     </span>
     <span class='ocr_line' id='line_1_15' title="bbox 191 1718 1264 1800; baseline 0.001 -19"><span class='ocrx_word' id='word_1_96' title='bbox 191 1719 236 1782; x_wconf 90' lang='lat' dir='ltr'>ad</span> <span class='ocrx_word' id='word_1_97' title='bbox 254 1719 360 1783; x_wconf 90' lang='lat' dir='ltr'>finem</span> <span class='ocrx_word' id='word_1_98' title='bbox 377 1720 545 1782; x_wconf 84' lang='lat' dir='ltr'>ultimum.</span> <span class='ocrx_word' id='word_1_99' title='bbox 568 1718 660 1800; x_wconf 84' lang='lat' dir='ltr'>Ergo</span> <span class='ocrx_word' id='word_1_100' title='bbox 675 1719 785 1783; x_wconf 91' lang='lat' dir='ltr'>relate</span> <span class='ocrx_word' id='word_1_101' title='bbox 804 1718 849 1782; x_wconf 89' lang='lat' dir='ltr'>ad</span> <span class='ocrx_word' id='word_1_102' title='bbox 864 1719 968 1783; x_wconf 90' lang='lat' dir='ltr'>finem</span> <span class='ocrx_word' id='word_1_103' title='bbox 984 1719 1147 1782; x_wconf 90' lang='lat' dir='ltr'>ultimum</span> <span class='ocrx_word' id='word_1_104' title='bbox 1163 1719 1264 1782; x_wconf 92' lang='lat' dir='ltr'>homo</span> 
     </span>
     <span class='ocr_line' id='line_1_16' title="bbox 190 1826 766 1889; baseline 0.002 -1"><span class='ocrx_word' id='word_1_105' title='bbox 190 1826 384 1889; x_wconf 91' lang='lat' dir='ltr'>collocatur</span> <span class='ocrx_word' id='word_1_106' title='bbox 407 1826 441 1889; x_wconf 90' lang='lat' dir='ltr'>iu</span> <span class='ocrx_word' id='word_1_107' title='bbox 466 1827 585 1889; x_wconf 83' lang='lat' dir='ltr'>ordinc.</span> <span class='ocrx_word' id='word_1_108' title='bbox 605 1826 766 1889; x_wconf 88' lang='lat' dir='ltr'>naturali.</span> 
     </span>
    </p>

    <p class='ocr_par' dir='ltr' id='par_1_4' title="bbox 189 1931 1267 2872">
     <span class='ocr_line' id='line_1_17' title="bbox 298 1931 1264 2016; baseline 0.001 -20"><span class='ocrx_word' id='word_1_109' title='bbox 298 1931 364 1996; x_wconf 89' lang='lat' dir='ltr'>Sed</span> <span class='ocrx_word' id='word_1_110' title='bbox 388 1951 469 1996; x_wconf 86' lang='lat' dir='ltr'>cum</span> <span class='ocrx_word' id='word_1_111' title='bbox 495 1932 642 2013; x_wconf 86' lang='lat' dir='ltr'>primurn</span> <span class='ocrx_word' id='word_1_112' title='bbox 668 1939 813 1997; x_wconf 90' lang='lat' dir='ltr'>ventum</span> <span class='ocrx_word' id='word_1_113' title='bbox 845 1939 899 1997; x_wconf 89' lang='lat' dir='ltr'>est</span> <span class='ocrx_word' id='word_1_114' title='bbox 930 1933 1040 1997; x_wconf 88' lang='lat' dir='ltr'>adea</span> <span class='ocrx_word' id='word_1_115' title='bbox 1065 1951 1158 2016; x_wconf 84' lang='lat' dir='ltr'>quae</span> <span class='ocrx_word' id='word_1_116' title='bbox 1183 1939 1264 1999; x_wconf 92' lang='lat' dir='ltr'>sunt</span> 
     </span>
     <span class='ocr_line' id='line_1_18' title="bbox 190 2039 1264 2123; baseline 0.004 -21"><span class='ocrx_word' id='word_1_117' title='bbox 190 2039 237 2102; x_wconf 88' lang='lat' dir='ltr'>ad</span> <span class='ocrx_word' id='word_1_118' title='bbox 259 2041 374 2122; x_wconf 88' lang='lat' dir='ltr'>finem,</span> <span class='ocrx_word' id='word_1_119' title='bbox 407 2058 530 2121; x_wconf 88' lang='lat' dir='ltr'>nempe</span> <span class='ocrx_word' id='word_1_120' title='bbox 558 2041 602 2104; x_wconf 89' lang='lat' dir='ltr'>ad</span> <span class='ocrx_word' id='word_1_121' title='bbox 627 2041 740 2122; x_wconf 90' lang='lat' dir='ltr'>ipsum</span> <span class='ocrx_word' id='word_1_122' title='bbox 773 2041 849 2105; x_wconf 80' lang='lat' dir='ltr'>iter</span> <span class='ocrx_word' id='word_1_123' title='bbox 870 2058 939 2123; x_wconf 90' lang='lat' dir='ltr'>quo</span> <span class='ocrx_word' id='word_1_124' title='bbox 968 2041 1264 2120; x_wconf 85' lang='lat' dir='ltr'>proficiscendum</span> 
     </span>
     <span class='ocr_line' id='line_1_19' title="bbox 191 2147 1264 2231; baseline 0.002 -20"><span class='ocrx_word' id='word_1_125' title='bbox 191 2152 244 2211; x_wconf 90' lang='lat' dir='ltr'>est</span> <span class='ocrx_word' id='word_1_126' title='bbox 266 2149 310 2211; x_wconf 91' lang='lat' dir='ltr'>ad</span> <span class='ocrx_word' id='word_1_127' title='bbox 330 2147 441 2211; x_wconf 88' lang='lat' dir='ltr'>vitam</span> <span class='ocrx_word' id='word_1_128' title='bbox 465 2156 655 2226; x_wconf 86' lang='lat' dir='ltr'>aeternam,</span> <span class='ocrx_word' id='word_1_129' title='bbox 673 2148 720 2212; x_wconf 91' lang='lat' dir='ltr'>ad</span> <span class='ocrx_word' id='word_1_130' title='bbox 734 2147 966 2213; x_wconf 91' lang='lat' dir='ltr'>evolutionem</span> <span class='ocrx_word' id='word_1_131' title='bbox 981 2152 1016 2211; x_wconf 89' lang='lat' dir='ltr'>et</span> <span class='ocrx_word' id='word_1_132' title='bbox 1029 2165 1264 2231; x_wconf 83' lang='lat' dir='ltr'>progressum,</span> 
     </span>
     <span class='ocr_line' id='line_1_20' title="bbox 191 2254 1264 2335; baseline 0.002 -18"><span class='ocrx_word' id='word_1_133' title='bbox 191 2255 286 2319; x_wconf 89' lang='lat' dir='ltr'>vires</span> <span class='ocrx_word' id='word_1_134' title='bbox 309 2255 456 2318; x_wconf 91' lang='lat' dir='ltr'>hominis</span> <span class='ocrx_word' id='word_1_135' title='bbox 480 2256 522 2318; x_wconf 93' lang='lat' dir='ltr'>ob</span> <span class='ocrx_word' id='word_1_136' title='bbox 547 2256 721 2320; x_wconf 88' lang='lat' dir='ltr'>humanae</span> <span class='ocrx_word' id='word_1_137' title='bbox 747 2260 895 2320; x_wconf 89' lang='lat' dir='ltr'>naturae</span> <span class='ocrx_word' id='word_1_138' title='bbox 922 2254 1103 2335; x_wconf 89' lang='lat' dir='ltr'>finitatem,</span> <span class='ocrx_word' id='word_1_139' title='bbox 1136 2255 1264 2319; x_wconf 88' lang='lat' dir='ltr'>limita·</span> 
     </span>
     <span class='ocr_line' id='line_1_21' title="bbox 191 2361 1266 2444; baseline 0.004 -19"><span class='ocrx_word' id='word_1_140' title='bbox 191 2364 327 2444; x_wconf 89' lang='lat' dir='ltr'>tionem,</span> <span class='ocrx_word' id='word_1_141' title='bbox 351 2363 647 2427; x_wconf 89' lang='lat' dir='ltr'>defectibilitatem</span> <span class='ocrx_word' id='word_1_142' title='bbox 671 2363 900 2427; x_wconf 88' lang='lat' dir='ltr'>declarantur</span> <span class='ocrx_word' id='word_1_143' title='bbox 923 2362 988 2426; x_wconf 89' lang='lat' dir='ltr'>sibi</span> <span class='ocrx_word' id='word_1_144' title='bbox 1011 2361 1092 2425; x_wconf 91' lang='lat' dir='ltr'>solis</span> <span class='ocrx_word' id='word_1_145' title='bbox 1116 2363 1266 2429; x_wconf 85' lang='lat' dir='ltr'>relictae</span> 
     </span>
     <span class='ocr_line' id='line_1_22' title="bbox 190 2468 1266 2551; baseline 0.003 -19"><span class='ocrx_word' id='word_1_146' title='bbox 190 2488 259 2532; x_wconf 90' lang='lat' dir='ltr'>non</span> <span class='ocrx_word' id='word_1_147' title='bbox 283 2470 455 2551; x_wconf 78' lang='lat' dir='ltr'>sufficere,</span> <span class='ocrx_word' id='word_1_148' title='bbox 481 2476 519 2532; x_wconf 92' lang='lat' dir='ltr'>ut</span> <span class='ocrx_word' id='word_1_149' title='bbox 541 2470 659 2535; x_wconf 90' lang='lat' dir='ltr'>evolvi</span> <span class='ocrx_word' id='word_1_150' title='bbox 682 2487 726 2532; x_wconf 89' lang='lat' dir='ltr'>ac</span> <span class='ocrx_word' id='word_1_151' title='bbox 751 2470 910 2550; x_wconf 84' lang='lat' dir='ltr'>progredi</span> <span class='ocrx_word' id='word_1_152' title='bbox 935 2468 1078 2550; x_wconf 89' lang='lat' dir='ltr'>possint:</span> <span class='ocrx_word' id='word_1_153' title='bbox 1102 2470 1266 2535; x_wconf 88' lang='lat' dir='ltr'>absolute</span> 
     </span>
     <span class='ocr_line' id='line_1_23' title="bbox 189 2576 1267 2658; baseline 0.003 -20"><span class='ocrx_word' id='word_1_154' title='bbox 189 2577 345 2658; x_wconf 84' lang='lat' dir='ltr'>indigere</span> <span class='ocrx_word' id='word_1_155' title='bbox 368 2578 534 2641; x_wconf 91' lang='lat' dir='ltr'>dicuntur</span> <span class='ocrx_word' id='word_1_156' title='bbox 557 2577 705 2658; x_wconf 88' lang='lat' dir='ltr'>provida</span> <span class='ocrx_word' id='word_1_157' title='bbox 721 2576 784 2641; x_wconf 89' lang='lat' dir='ltr'>Dei</span> <span class='ocrx_word' id='word_1_158' title='bbox 799 2576 1040 2656; x_wconf 88' lang='lat' dir='ltr'>cooperatione</span> <span class='ocrx_word' id='word_1_159' title='bbox 1055 2593 1116 2640; x_wconf 91' lang='lat' dir='ltr'>seu</span> <span class='ocrx_word' id='word_1_160' title='bbox 1136 2578 1267 2658; x_wconf 87' lang='lat' dir='ltr'>gratia.</span> 
     </span>
     <span class='ocr_line' id='line_1_24' title="bbox 190 2683 1267 2766; baseline 0.002 -18"><span class='ocrx_word' id='word_1_161' title='bbox 190 2684 282 2766; x_wconf 85' lang='lat' dir='ltr'>Ergo</span> <span class='ocrx_word' id='word_1_162' title='bbox 305 2686 350 2747; x_wconf 89' lang='lat' dir='ltr'>ad</span> <span class='ocrx_word' id='word_1_163' title='bbox 374 2686 480 2749; x_wconf 87' lang='lat' dir='ltr'>finem</span> <span class='ocrx_word' id='word_1_164' title='bbox 504 2685 655 2749; x_wconf 89' lang='lat' dir='ltr'>medium</span> <span class='ocrx_word' id='word_1_165' title='bbox 683 2694 735 2748; x_wconf 89' lang='lat' dir='ltr'>est</span> <span class='ocrx_word' id='word_1_166' title='bbox 759 2685 858 2748; x_wconf 92' lang='lat' dir='ltr'>homo</span> <span class='ocrx_word' id='word_1_167' title='bbox 882 2683 1058 2766; x_wconf 89' lang='lat' dir='ltr'>aliquliter</span> <span class='ocrx_word' id='word_1_168' title='bbox 1082 2683 1116 2746; x_wconf 95' lang='lat' dir='ltr'>in</span> <span class='ocrx_word' id='word_1_169' title='bbox 1143 2685 1267 2750; x_wconf 88' lang='lat' dir='ltr'>ordine</span> 
     </span>
     <span class='ocr_line' id='line_1_25' title="bbox 191 2793 458 2872; baseline 0.004 -17"><span class='ocrx_word' id='word_1_170' title='bbox 191 2793 458 2872; x_wconf 88' lang='lat' dir='ltr'>supernaturali.</span> 
     </span>
    </p>

    <p class='ocr_par' dir='ltr' id='par_1_5' title="bbox 189 2897 1268 3520">
     <span class='ocr_line' id='line_1_26' title="bbox 298 2897 1267 2983; baseline 0.001 -20"><span class='ocrx_word' id='word_1_171' title='bbox 298 2902 327 2964; x_wconf 78' lang='lat'>2.</span> <span class='ocrx_word' id='word_1_172' title='bbox 351 2900 405 2963; x_wconf 84' lang='lat' dir='ltr'>Ex</span> <span class='ocrx_word' id='word_1_173' title='bbox 428 2900 553 2983; x_wconf 90' lang='lat' dir='ltr'>quibus</span> <span class='ocrx_word' id='word_1_174' title='bbox 576 2900 738 2969; x_wconf 80' lang='lat' dir='ltr'>efficitur,</span> <span class='ocrx_word' id='word_1_175' title='bbox 772 2905 810 2962; x_wconf 89' lang='lat' dir='ltr'>ut</span> <span class='ocrx_word' id='word_1_176' title='bbox 842 2900 921 2962; x_wconf 86' lang='lat' dir='ltr'>finis</span> <span class='ocrx_word' id='word_1_177' title='bbox 947 2897 1088 2961; x_wconf 91' lang='lat' dir='ltr'>ultimus</span> <span class='ocrx_word' id='word_1_178' title='bbox 1113 2898 1267 2964; x_wconf 90' lang='lat' dir='ltr'>hominis</span> 
     </span>
     <span class='ocr_line' id='line_1_27' title="bbox 190 3006 1268 3088; baseline 0.004 -19"><span class='ocrx_word' id='word_1_179' title='bbox 190 3007 225 3070; x_wconf 93' lang='lat' dir='ltr'>in</span> <span class='ocrx_word' id='word_1_180' title='bbox 267 3012 457 3088; x_wconf 83' lang='lat' dir='ltr'>systemate</span> <span class='ocrx_word' id='word_1_181' title='bbox 503 3026 680 3071; x_wconf 87' lang='lat' dir='ltr'>russorum</span> <span class='ocrx_word' id='word_1_182' title='bbox 723 3025 790 3070; x_wconf 92' lang='lat' dir='ltr'>non</span> <span class='ocrx_word' id='word_1_183' title='bbox 833 3013 1036 3088; x_wconf 87' lang='lat' dir='ltr'>ponatur</span> <span class='ocrx_word' id='word_1_184' title='bbox 1077 3006 1268 3088; x_wconf 89' lang='lat' dir='ltr'>quidem</span> 
     </span>
     <span class='ocr_line' id='line_1_28' title="bbox 191 3114 1268 3195; baseline 0.003 -19"><span class='ocrx_word' id='word_1_185' title='bbox 191 3132 334 3195; x_wconf 89' lang='lat' dir='ltr'>supra</span> <span class='ocrx_word' id='word_1_186' title='bbox 367 3117 637 3180; x_wconf 89' lang='lat' dir='ltr'>naturalem</span> <span class='ocrx_word' id='word_1_187' title='bbox 670 3114 871 3178; x_wconf 90' lang='lat' dir='ltr'>hominis</span> <span class='ocrx_word' id='word_1_188' title='bbox 904 3114 1187 3195; x_wconf 91' lang='lat' dir='ltr'>potentiam,</span> <span class='ocrx_word' id='word_1_189' title='bbox 1223 3122 1268 3179; x_wconf 90' lang='lat' dir='ltr'>at</span> 
     </span>
     <span class='ocr_line' id='line_1_29' title="bbox 190 3221 1268 3305; baseline 0.005 -22"><span class='ocrx_word' id='word_1_190' title='bbox 190 3240 333 3303; x_wconf 90' lang='lat' dir='ltr'>supra</span> <span class='ocrx_word' id='word_1_191' title='bbox 357 3224 503 3305; x_wconf 87' lang='lat' dir='ltr'>ipsum</span> <span class='ocrx_word' id='word_1_192' title='bbox 529 3223 821 3288; x_wconf 85' lang='lat' dir='ltr'>exercitium</span> <span class='ocrx_word' id='word_1_193' title='bbox 847 3221 984 3285; x_wconf 92' lang='lat' dir='ltr'>huius</span> <span class='ocrx_word' id='word_1_194' title='bbox 1008 3223 1268 3303; x_wconf 88' lang='lat' dir='ltr'>potentiae,</span> 
     </span>
     <span class='ocr_line' id='line_1_30' title="bbox 191 3327 1268 3408; baseline 0.002 -16"><span class='ocrx_word' id='word_1_195' title='bbox 191 3334 320 3393; x_wconf 89' lang='lat' dir='ltr'>utnon</span> <span class='ocrx_word' id='word_1_196' title='bbox 350 3336 421 3392; x_wconf 88' lang='lat' dir='ltr'>tam</span> <span class='ocrx_word' id='word_1_197' title='bbox 455 3331 534 3392; x_wconf 88' lang='lat' dir='ltr'>finis</span> <span class='ocrx_word' id='word_1_198' title='bbox 568 3330 710 3392; x_wconf 91' lang='lat' dir='ltr'>ultimus</span> <span class='ocrx_word' id='word_1_199' title='bbox 743 3329 787 3391; x_wconf 90' lang='lat' dir='ltr'>sit</span> <span class='ocrx_word' id='word_1_200' title='bbox 821 3327 949 3390; x_wconf 86' lang='lat' dir='ltr'>homini</span> <span class='ocrx_word' id='word_1_201' title='bbox 982 3331 1268 3408; x_wconf 89' lang='lat' dir='ltr'>supernaturalis</span> 
     </span>
     <span class='ocr_line' id='line_1_31' title="bbox 189 3438 700 3520; baseline 0 -22"><span class='ocrx_word' id='word_1_202' title='bbox 189 3454 295 3520; x_wconf 88' lang='lat' dir='ltr'>quarn</span> <span class='ocrx_word' id='word_1_203' title='bbox 322 3439 396 3518; x_wconf 85' lang='lat' dir='ltr'>ipsa</span> <span class='ocrx_word' id='word_1_204' title='bbox 420 3438 493 3501; x_wconf 91' lang='lat' dir='ltr'>eius</span> <span class='ocrx_word' id='word_1_205' title='bbox 517 3439 700 3500; x_wconf 86' lang='lat' dir='ltr'>assecutio.</span> 
     </span>
    </p>

    <p class='ocr_par' dir='ltr' id='par_1_6' title="bbox 190 3542 1270 3839">
     <span class='ocr_line' id='line_1_32' title="bbox 297 3542 1267 3626; baseline 0 -19"><span class='ocrx_word' id='word_1_206' title='bbox 297 3545 350 3608; x_wconf 80' lang='lat' dir='ltr'>Ex</span> <span class='ocrx_word' id='word_1_207' title='bbox 374 3564 441 3626; x_wconf 89' lang='lat' dir='ltr'>quo</span> <span class='ocrx_word' id='word_1_208' title='bbox 467 3554 587 3607; x_wconf 88' lang='lat' dir='ltr'>manat</span> <span class='ocrx_word' id='word_1_209' title='bbox 610 3544 752 3626; x_wconf 90' lang='lat' dir='ltr'>quidam</span> <span class='ocrx_word' id='word_1_210' title='bbox 785 3542 868 3605; x_wconf 92' lang='lat' dir='ltr'>ordo</span> <span class='ocrx_word' id='word_1_211' title='bbox 897 3543 1267 3623; x_wconf 89' lang='lat' dir='ltr'>semisupranaturali·</span> 
     </span>
     <span class='ocr_line' id='line_1_33' title="bbox 191 3648 1268 3732; baseline 0 -17"><span class='ocrx_word' id='word_1_212' title='bbox 191 3653 281 3715; x_wconf 90' lang='lat' dir='ltr'>tatis.</span> <span class='ocrx_word' id='word_1_213' title='bbox 305 3652 440 3715; x_wconf 83' lang='lat' dir='ltr'>Etenim</span> <span class='ocrx_word' id='word_1_214' title='bbox 464 3652 563 3732; x_wconf 91' lang='lat' dir='ltr'>russi,</span> <span class='ocrx_word' id='word_1_215' title='bbox 588 3652 615 3713; x_wconf 90' lang='lat' dir='ltr'>si</span> <span class='ocrx_word' id='word_1_216' title='bbox 640 3651 723 3732; x_wconf 92' lang='lat' dir='ltr'>quid</span> <span class='ocrx_word' id='word_1_217' title='bbox 746 3649 891 3730; x_wconf 84' lang='lat' dir='ltr'>gratiae,</span> <span class='ocrx_word' id='word_1_218' title='bbox 925 3650 954 3712; x_wconf 93' lang='lat' dir='ltr'>si</span> <span class='ocrx_word' id='word_1_219' title='bbox 987 3648 1069 3731; x_wconf 92' lang='lat' dir='ltr'>quid</span> <span class='ocrx_word' id='word_1_220' title='bbox 1094 3666 1268 3730; x_wconf 89' lang='lat' dir='ltr'>superna·</span> 
     </span>
     <span class='ocr_line' id='line_1_34' title="bbox 190 3756 1270 3839; baseline 0.001 -18"><span class='ocrx_word' id='word_1_221' title='bbox 190 3758 379 3821; x_wconf 87' lang='lat' dir='ltr'>turalitatis</span> <span class='ocrx_word' id='word_1_222' title='bbox 402 3758 599 3837; x_wconf 83' lang='lat' dir='ltr'>admittunt,</span> <span class='ocrx_word' id='word_1_223' title='bbox 633 3776 701 3819; x_wconf 93' lang='lat' dir='ltr'>non</span> <span class='ocrx_word' id='word_1_224' title='bbox 734 3757 923 3820; x_wconf 87' lang='lat' dir='ltr'>admittunt</span> <span class='ocrx_word' id='word_1_225' title='bbox 956 3756 1021 3819; x_wconf 88' lang='lat' dir='ltr'>nisi</span> <span class='ocrx_word' id='word_1_226' title='bbox 1055 3756 1270 3839; x_wconf 89' lang='lat' dir='ltr'>intantum,</span> 
     </span>
    </p>
   </div>
   <div class='ocr_carea' id='block_1_3' title="bbox 0 0 1440 4666">
    <p class='ocr_par' dir='ltr' id='par_1_7' title="bbox 0 0 1440 4666">
     <span class='ocr_line' id='line_1_35' title="bbox 0 0 1440 4666; baseline 0 0"><span class='ocrx_word' id='word_1_227' title='bbox 0 0 1440 4666; x_wconf 95' lang='lat' dir='ltr'> </span> 
     </span>
    </p>
   </div>
  </div>
 </body>
</html>
