2872 4666
657 335 897 400 -207-

175 491 378 650 camium,
392 561 437 609 ex
452 562 520 626 quo
534 551 654 610 cetera
668 547 844 613 deducant
858 569 902 615 ac
913 553 1124 633 specificent,
1140 566 1309 637 punctum

211 613 471 734 Qlltrumque
494 655 591 718 circa
615 655 705 736 quod
729 656 845 719 omnia
870 665 1064 724 versentur.
1228 650 1230 655 ’

345 757 538 823 Chatholici
562 779 648 824 vero
666 763 866 845 religionem
895 766 1096 847 concipiunt
1130 775 1167 831 ut
1203 770 1308 832 «ordi-

196 849 318 986 ifflln
350 866 489 948 proprie
522 868 669 931 hominis
703 869 747 932 ad
781 870 913 934 Deum»
950 880 984 936 et
1017 891 1084 936 non
1109 876 1311 956 viceversa;

216 938 367 1037 Qorico
391 979 473 1038 ante
496 977 611 1039 omnia
637 976 827 1058 respiciunt
847 978 1006 1042 ultimum
1026 981 1141 1046 linem.
1165 980 1310 1064 Cognito

194 1052 286 1140 Q}
302 1081 516 1147 revelatione
530 1082 703 1147 hominem
723 1093 889 1148 vocaturn
909 1104 984 1151 esse
1003 1087 1048 1150 ad
1067 1089 1179 1152 vitam
1197 1095 1305 1154 aeter-

200 1166 327 1271 1lam,
351 1190 398 1252 ad
417 1189 585 1254 visionem
605 1189 669 1254 Dei
690 1208 750 1271 per
768 1191 963 1273 essentiam,
987 1197 1307 1274 comparantlrunc

203 1270 341 1360 tinem
362 1314 443 1359 cum
463 1297 611 1361 hominis
630 1304 758 1361 natura
777 1306 812 1362 et
830 1302 980 1364 naturae
999 1301 1182 1381 exigentiis
1201 1311 1307 1386 atque

204 1399 356 1468 vident
389 1404 558 1468 visionem
592 1405 655 1469 Dei
688 1423 751 1486 per
783 1405 970 1469 essentiam
1002 1424 1070 1470 non
1105 1427 1205 1490 posse
1238 1411 1306 1474 dici

204 1495 364 1576 bonum
389 1511 535 1576 hominis
559 1513 731 1593 naturale,
756 1512 801 1575 ad
825 1513 917 1594 quod
943 1513 1062 1577 ultimo
1088 1516 1216 1598 tendat,
1245 1519 1307 1582 sed

204 1635 307 1685 esse
326 1622 432 1683 extra
451 1623 486 1682 et
506 1624 643 1700 praeter
661 1620 832 1683 ambitum
851 1620 962 1683 omnis
982 1628 1130 1686 naturae
1154 1629 1306 1706 creatae,

206 1727 406 1793 excedere
439 1727 627 1808 potentiam
661 1731 696 1791 et
728 1727 781 1789 ius
814 1727 951 1789 omnino
974 1729 1085 1791 omnis
1109 1735 1307 1795 creaturae.

212 1835 288 1901 Sic
314 1836 454 1913 cognito
479 1834 598 1896 ultimo
618 1833 765 1898 hominis
784 1834 863 1914 fine,
888 1835 933 1896 ad
953 1851 1056 1916 quem
1075 1842 1224 1899 vocatus
1242 1844 1304 1917 est,

213 1947 342 2022 atque
366 1947 549 2020 perspecta
574 1940 848 2020 disproportione
881 1940 971 2003 inter
1005 1941 1099 2005 hunc
1130 1942 1237 2005 linem
1269 1949 1306 2007 et

219 2046 382 2112 hominis
405 2051 579 2119 naturam,
603 2047 768 2110 catholici
791 2034 837 2110 ex
860 2047 1035 2128 supposito
1060 2047 1173 2111 Deum
1187 2050 1304 2130 gratia

220 2173 296 2219 sua
321 2154 368 2216 ad
392 2159 528 2216 tantum
552 2155 658 2219 linem
682 2172 829 2218 vocasse
863 2156 1035 2219 hominem
1068 2160 1142 2218 tum
1174 2157 1305 2221 iamet

226 2261 475 2326 necessitatem
495 2263 630 2342 gratiae
649 2263 912 2343 sanctificantis
935 2280 1005 2344 qua
1025 2263 1126 2326 homo
1145 2264 1303 2328 elevetur

227 2387 275 2433 ac
300 2370 581 2451 proportionatus
605 2375 702 2433 tanto
725 2370 788 2433 fini
811 2369 987 2447 reddatur,
1011 2370 1165 2434 inierunt
1188 2383 1222 2434 et
1244 2391 1299 2437 ne-

229 2477 431 2542 cessitatem
477 2485 671 2541 ceterorum
713 2478 924 2540 auxiliorum
971 2479 1303 2561 supernaturalium,

230 2584 359 2667 quibus
382 2584 482 2647 homo
506 2583 807 2666 proportionaliter
831 2583 968 2665 operari
992 2582 1037 2644 ad
1061 2583 1166 2647 linem
1186 2587 1301 2665 possit.

257 2764 260 2767 ¹
340 2690 470 2778 Itaque
487 2691 650 2755 catholici
674 2709 759 2773 prae
782 2691 891 2754 oculis
910 2690 1041 2753 habent
1060 2691 1172 2770 potius
1187 2692 1301 2770 ipsum

230 2799 338 2862 linem
371 2804 477 2881 atque
504 2818 549 2863 ex
573 2801 643 2863 fine
666 2817 708 2863 ea
732 2816 822 2881 quae
846 2797 996 2861 suntad
1020 2797 1168 2861 eundem
1191 2802 1301 2879 speci-

229 2905 354 2985 ficant;
388 2924 470 2970 curn
493 2907 598 2987 igitur
617 2908 706 2989 finis,
739 2906 783 2969 ad
807 2923 911 2988 quem
935 2905 1035 2968 homo
1058 2906 1101 2968 de
1124 2906 1217 2968 lacto
1241 2925 1298 2969 vo-

229 3019 333 3076 catus
356 3019 417 3094 est,
442 3013 486 3076 sit
509 3013 623 3094 gratia
643 3020 677 3077 et
696 3011 983 3093 supernaturalis
1002 3016 1037 3075 et
1056 3012 1138 3073 ordo
1152 3011 1302 3076 hominis

230 3120 277 3195 ad
301 3121 448 3184 eundem
480 3127 532 3184 est
565 3120 851 3201 supernaturalis
883 3125 919 3183 et
952 3119 1072 3181 modus
1105 3136 1173 3199 quo
1198 3119 1299 3182 homo

228 3247 251 3291 a
277 3227 349 3291 Deo
374 3233 533 3291 movetur
556 3228 601 3290 ad
625 3229 772 3292 eundem
796 3245 857 3291 seu
880 3226 996 3309 gratia
1020 3226 1301 3306 supernaturalis

229 3337 290 3396 est.
316 3333 418 3396 Russi
441 3352 526 3398 vero
550 3353 618 3396 non
642 3335 833 3414 respiciunt
868 3333 934 3396 nisi
962 3333 1149 3414 imaginem
1174 3331 1239 3396 Dei
1262 3333 1297 3396 in

230 3443 366 3504 homine
391 3446 496 3523 atque
520 3451 637 3506 cetera
661 3460 707 3506 ex
730 3460 849 3505 eorum
882 3441 1049 3505 relatione
1082 3458 1143 3504 seu
1175 3440 1297 3504 habitu

227 3548 274 3610 ad
298 3547 391 3609 hanc
420 3548 607 3629 imaginem
640 3549 854 3630 specificant.
901 3545 1076 3628 Quidquid
1110 3547 1298 3628 imaginem

228 3653 441 3718 constituere
460 3660 613 3735 putatur,
628 3656 869 3718 consideratur
889 3660 927 3717 ut
946 3659 1075 3717 natura
1094 3660 1128 3716 et
1149 3659 1297 3718 naturae

227 3760 394 3840 debitum3
418 3761 584 3844 quidquid
604 3780 688 3827 vero
708 3764 752 3826 ad
771 3763 957 3844 imaginem
982 3763 1051 3824 iam
1071 3762 1296 3826 constitutam

226 3866 373 3949 accedit,
407 3875 444 3930 ut
476 3886 518 3932 ea
551 3868 669 3933 evolvi
701 3877 807 3950 atque
839 3868 953 3934 excoli
987 3869 1094 3950 possit
1118 3887 1226 3951 usque
1249 3870 1295 3932 ad

228 3973 292 4037 Dei
316 3974 585 4057 similitudinem,
618 3977 858 4040 consideratur
892 3982 929 4039 ut
962 3977 1077 4057 gratia
1109 3983 1144 4041 et
1178 3995 1295 4058 super-
