2872 4666
605 338 644 347 -
691 303 760 368 '194
808 340 847 351 -

199 541 202 547 ¹
298 511 467 578 Catholici
500 532 585 579 vero
618 533 700 579 cum
732 517 883 599 gratiam
916 520 1150 605 abstrahunt,
1193 527 1269 591 eius

188 619 327 684 nomine
359 621 571 703 intelligunt:
611 625 639 700 l)
671 624 824 703 gratiam
857 627 1145 695 sanctificantem
1184 650 1268 697 cum

189 727 377 792 virtutibus
402 727 524 792 infusis
547 735 582 793 et
605 729 702 793 donis
727 729 875 812 Spiritus
907 736 1021 798 sancti
1056 739 1270 822 ceterisque,

188 851 279 917 quae
315 835 470 900 ordinem
508 839 811 917 supernaturalem
853 841 1058 923 respiciunt3
1102 846 1135 922 2)
1174 848 1272 911 dona

188 942 506 1022 praeternaturalia
538 943 756 1026 integritatis,
788 945 1069 1032 immortalitatis,
1102 952 1269 1034 impassi-

187 1049 330 1112 bilitatis
353 1053 418 1114 etc.
463 1048 564 1130 Quae
596 1052 686 1115 dona
719 1053 884 1118 dicuntur
916 1058 1031 1137 gratia
1065 1077 1137 1122 non
1172 1064 1272 1145 quod

186 1155 353 1239 providae
391 1156 455 1222 Dei
493 1161 726 1239 cooperationi
758 1162 1004 1226 adscribantur
1036 1169 1072 1229 et
1110 1167 1270 1234 hominis

184 1263 376 1328 industriae
399 1281 511 1346 neque
535 1266 609 1330 ideo
632 1268 723 1348 quod
747 1269 782 1331 in
806 1286 843 1334 se
866 1273 1153 1350 supernaturalia
1188 1295 1272 1341 esse

186 1444 398 1453 ———-—-

185 1556 250 1603 tum
271 1556 396 1603 naturae
416 1549 525 1618 lapsae,
541 1556 703 1617 reparatae.
719 1581 752 1587 —
769 1549 870 1604 Status
890 1558 1052 1608 naturae
1073 1571 1198 1624 purae
1220 1570 1270 1613 cst

109 1702 114 1714 x
188 1638 333 1693 «conditio
361 1644 486 1692 naturae
514 1638 662 1692 humanae
687 1639 890 1694 consideratae
919 1642 950 1693 in
980 1643 1040 1695 suis
1067 1648 1267 1704 naturalibus

184 1730 298 1796 absque
317 1730 416 1797 gratia
435 1733 465 1780 et
483 1734 635 1797 peccato»,
656 1729 718 1782 «hic
738 1734 834 1782 status
853 1730 993 1799 importat
1014 1734 1149 1800 praecise
1169 1744 1263 1792 natu·

184 1835 248 1873 ram
267 1834 335 1872 cum
356 1818 418 1871 suis
438 1818 590 1886 principiis
609 1818 767 1872 intrinsece
786 1819 1036 1874 constituentibus
1064 1831 1093 1874 et
1121 1825 1160 1878 iis
1181 1843 1264 1895 quae

183 1924 221 1962 ex
241 1908 299 1960 illis
319 1913 486 1975 sequuntur
506 1922 560 1959 seu
578 1907 605 1959 ei
625 1906 798 1959 debentur».
818 1907 913 1961 Homo
937 1909 968 1961 in
996 1909 1050 1964 hoc
1071 1916 1157 1966 statu
1177 1917 1261 1970 foret

182 1996 337 2065 obnoxius,
349 1995 430 2061 fami,
450 1996 552 2060 labori,
571 1995 689 2062 morbis,
709 1996 903 2065 passionibus,
923 1997 1121 2065 ignorantiae,
1150 2018 1263 2058 concu-

183 2087 352 2157 piscentiae,
380 2087 450 2155 quia
476 2085 548 2139 haec
575 2101 612 2137 ex
635 2087 788 2155 principiis
815 2087 975 2142 intrinsece
1001 2091 1261 2149 constituentibus

182 2178 343 2230 humanam
363 2183 501 2230 naturam
522 2185 696 2243 sequuntur.
717 2175 751 2228 ln
767 2176 821 2229 hoc
835 2180 916 2230 statu
935 2177 1103 2233 «beatitudo
1119 2183 1261 2237 formalis

183 2266 309 2319 hominis
329 2266 405 2318 foret
425 2266 555 2332 perfecta
575 2265 744 2318 coniunctio
759 2280 826 2318 eum
844 2264 914 2332 Deo,
933 2267 1031 2334 ipsum
1046 2274 1260 2335 cognoscendo

180 2355 360 2408 abstractive
380 2367 432 2406 seu
450 2369 502 2422 per
526 2354 652 2407 eftectus
677 2359 707 2407 et
732 2355 865 2407 suaviter
890 2369 925 2408 ac
950 2364 1123 2411 constanter
1151 2362 1179 2412 ei
1208 2363 1257 2415 ad-

181 2443 329 2509 haerendo
349 2459 401 2512 per
420 2457 576 2497 amorem».
596 2443 643 2496 Ad
663 2443 883 2512 assequendum
903 2445 981 2498 hune
999 2446 1091 2498 finem
1106 2447 1258 2504 darentur

179 2533 292 2587 auxilia
312 2533 423 2586 ordinis
443 2533 595 2585 naturalis.
634 2533 689 2585 Hie
709 2541 805 2586 status
824 2533 1030 2587 consideratur
1057 2551 1076 2587 a
1101 2536 1259 2608 theologis

179 2628 214 2677 ut
243 2623 389 2692 possibilis
418 2621 631 2675 tantummodo.
659 2652 691 2658 -
720 2619 840 2675 «Status
870 2627 1036 2677 naturae
1065 2624 1258 2695 integrae

179 2712 313 2766 consistit
333 2713 363 2764 in
382 2712 515 2779 perfecta
534 2711 717 2764 subiectione
734 2713 865 2778 eorporis
888 2711 925 2764 ad
945 2713 1076 2764 animam
1102 2720 1135 2767 et
1161 2701 1254 2785 appe-

179 2803 253 2857 titus
273 2801 406 2855 sensitivi
426 2801 463 2854 ad
483 2802 642 2853 rationem:
661 2801 845 2869 proindeque
865 2801 1007 2869 importat
1026 2803 1255 2860 immunitatem

179 2892 217 2946 ab
243 2893 422 2960 ignorantia,
451 2891 697 2958 eoncupiscentia,
721 2895 816 2943 morte
840 2895 870 2942 et
895 2891 1080 2957 passionibus
1107 2903 1255 2949 naturam

178 2983 421 3037 alternantibus».
444 2981 493 3034 «ln
513 2983 569 3034 hae
586 2986 713 3034 naturae
732 2982 906 3048 integritate
926 2981 985 3034 fuit
1004 2988 1123 3035 creatus
1143 2985 1254 3040 Adam.

179 3073 216 3126 Et
235 3073 306 3126 haec
325 3073 355 3124 in
376 3072 427 3124 illo
447 3072 598 3125 oriebatur
616 3085 634 3124 a
653 3072 751 3138 gratia
771 3072 991 3137 sanctificante3
1016 3072 1053 3123 ab
1072 3072 1128 3126 hac
1148 3079 1254 3130 tamen

178 3162 278 3227 gratia
307 3160 558 3228 distinguebatur,
586 3159 655 3228 quia
681 3164 767 3214 erant
796 3160 907 3213 diversi
936 3159 1060 3224 ordinis;
1088 3162 1254 3232 integritas

177 3253 256 3304 enim
276 3257 321 3304 est
340 3251 435 3303 forma
454 3251 611 3318 perficiens
630 3255 770 3303 naturam
786 3251 816 3301 in
832 3249 934 3303 ordine
949 3251 1089 3318 naturali,
1109 3267 1171 3309 non
1192 3255 1251 3309 ele·

177 3356 252 3395 vans
271 3341 365 3407 ipsam
385 3338 421 3391 ad
442 3339 576 3392 ordinem
596 3339 857 3407 supernaturalem
877 3354 931 3392 nec
950 3340 1135 3393 constituens
1155 3342 1250 3396 homi·

176 3446 244 3482 neni
273 3430 370 3481 filium
401 3428 454 3480 Dei
483 3428 666 3497 adoptivum,
696 3428 868 3496 participem
901 3428 1022 3481 divinae
1055 3433 1186 3484 naturae
1220 3439 1253 3486 et

178 3519 333 3572 haeredem
354 3519 440 3585 regni
460 3519 608 3570 eoelestis:
629 3532 704 3586 qnae
724 3520 823 3570 omnia
842 3517 1012 3585 praestabat
1037 3520 1138 3584 gratia
1165 3536 1251 3575 sanc·

176 3610 303 3661 titicans.
324 3607 409 3662 Unde
430 3608 504 3660 nihil
525 3608 660 3661 obstabat
680 3609 752 3676 quin
774 3609 904 3675 potuerit
923 3609 1003 3661 Deus
1030 3623 1133 3664 creare
1154 3610 1248 3664 homi·

176 3714 243 3751 nem
263 3699 293 3749 in
314 3703 393 3750 statu
413 3707 536 3751 naturae
557 3698 694 3765 integrae
713 3698 825 3765 absque
844 3698 948 3750 instita
968 3713 1021 3750 seu
1040 3699 1142 3765 gratia
1157 3702 1252 3770 origi·

175 3787 262 3839 nali».
301 3787 400 3854 Atque
420 3786 551 3853 theologi
571 3803 602 3839 re
623 3788 686 3853 ipsa
706 3794 863 3854 quaerunt,
890 3792 992 3839 utrum
1020 3793 1251 3855 protoparentes

175 3876 275 3929 statim
296 3877 324 3927 in
344 3877 502 3942 creatione,
529 3892 566 3929 an
593 3877 711 3928 nonnisi
738 3887 840 3942 postea
866 3877 925 3929 sint
945 3878 1094 3929 consecuti
1114 3881 1250 3945 gratiam

176 3964 438 4019 sanctificantem?
458 3996 490 4002 -
510 3963 613 4018 Status
638 3971 800 4018 naturae
827 3967 1008 4019 elevatae
1028 3982 1093 4019 seu
1114 3975 1254 4024 status
