2872 4666
555 365 793 430 -133—

244 579 336 661 Ergo
351 576 531 644 Svietlovii
551 578 709 658 opinione
723 578 837 642 Adam
860 578 976 643 inians
1000 596 1067 642 non
1091 579 1208 644 diflert

50 675 173 749 ab
202 687 340 751 infante
363 687 422 768 qui
448 703 542 748 nunc
576 684 741 763 nascitur,
775 685 841 749 nisi
873 685 909 748 in
941 704 980 750 eo
1012 686 1103 768 quod
1137 686 1207 750 iam

53 789 256 857 adulta
282 793 326 857 sit
349 796 475 871 aetate,
509 810 578 856 non
610 792 809 874 iracundus
842 810 910 856 non
943 810 1107 871 morosae,
1139 810 1207 856 non

57 896 180 965 Sui
209 917 351 965 amans:
375 899 540 963 immunis
573 898 665 964 enim
689 899 804 963 adhuc
828 899 873 963 ab
897 899 993 964 hisce
1017 900 1208 966 defectibus

58 1003 290 1073 nondum
315 1007 417 1071 laesis
441 1006 585 1070 viribus.
622 1004 689 1071 Sed
713 1010 859 1088 uterque
882 1007 1010 1070 inians:
1036 1007 1147 1070 Adam
1172 1010 1208 1071 et

58 1111 251 1179 lhoster
279 1113 493 1178 conveniunt
516 1114 550 1176 in
575 1112 787 1194 innocentia3
813 1117 959 1196 uterque
981 1114 1073 1179 enim
1096 1113 1209 1178 nescit

60 1201 264 1286 bonum
289 1225 323 1285 et
346 1221 487 1292 malum,
511 1227 657 1302 uterque
679 1238 791 1302 aeque
814 1221 1002 1302 imperitus,
1036 1221 1208 1298 credulus,

61 1330 305 1409 nummus,
328 1329 546 1408 immaturus
570 1328 726 1409 simplex.

243 1435 402 1499 Profecto
426 1440 459 1498 et
483 1435 640 1499 nonnulli
664 1452 707 1498 ss.
731 1441 848 1515 patres
881 1440 916 1499 et
939 1435 1081 1517 quidam
1115 1437 1208 1500 theo-

29 1530 32 1534 ’
66 1529 193 1627 logi
225 1542 393 1607 catholici
418 1547 680 1623 protoparentes
704 1542 876 1606 interdum
901 1543 1092 1606 infantibus
1117 1560 1207 1606 com·

70 1654 286 1730 Darant;
311 1650 369 1714 sed
394 1651 542 1713 multum
567 1650 635 1714 alio
659 1667 761 1714 sensu
787 1655 893 1731 atque
917 1654 1078 1730 respectu
1101 1667 1208 1732 quam

71 1749 296 1825 Svietlov
309 1755 338 1837 ¹).
1263 1756 1265 1760 ’

242 1863 303 1928 VI.
328 1864 462 1928 Pariter
486 1864 688 1945 appendicis
712 1863 824 1926 instar
849 1863 1097 1944 subiungimus,
1126 1881 1208 1945 quo·

83 1974 234 2041 modo
262 1970 418 2044 nonnulli
441 1971 531 2037 russi
556 1988 655 2035 suam
692 1971 735 2035 de
767 1970 928 2052 originali
952 1971 1098 2035 hominis
1131 1988 1209 2034 con·

81 2080 265 2147 ditione
311 2077 503 2143 doctrinam
547 2067 627 2142 cum
671 2078 836 2142 moderna
883 2078 1028 2143 scientia
1074 2095 1209 2158 compo-

93 2186 252 2255 nant?

248 2296 278 2356 1.
313 2289 470 2356 Svietlov
507 2293 585 2373 plus
623 2291 783 2355 minusve
820 2292 885 2355 hoc
924 2293 1022 2355 modo
1060 2291 1209 2356 disserit:

115 2399 440 2480 «Anthropologia'
471 2400 621 2480 primum
659 2399 830 2462 hominem
870 2402 964 2480 ponit
1005 2400 1040 2462 in
1076 2394 1209 2480 epocha

116 2527 245 2595 quam
280 2516 410 2570 vocant
442 2507 580 2588 lapidea
613 2508 643 2571 h.
668 2525 695 2571 e.
720 2507 881 2570 culturae
909 2507 1050 2571 infimae
1074 2513 1108 2570 et
1133 2507 1208 2570 bar·

124 2619 261 2694 barae3
293 2632 360 2696 quo
384 2613 433 2691 fit,
458 2622 496 2677 ut
519 2614 665 2677 scientia
689 2613 799 2677 veluti
823 2614 880 2690 eis,
913 2632 1004 2695 quae
1028 2612 1210 2693 Scriptura

131 2740 243 2788 sacra
278 2721 320 2784 de
353 2738 480 2803 magna
514 2726 797 2801 protoparentum
834 2721 1043 2800 perfectione
1077 2724 1209 2800 narrat,

137 2833 350 2911 opponatur;
388 2828 447 2892 sed
472 2828 587 2908 specie
610 2828 848 2890 tautummodo
880 2836 915 2891 et
947 2845 1014 2889 non
1047 2845 1085 2891 re
1114 2844 1210 2891 vera.

14 3006 28 3025 f
137 2937 291 3001 Tantum
328 2934 420 2998 enim
457 2934 575 3015 abest,
613 2936 651 2996 ut
688 2934 917 2997 contradictio
959 2934 1077 3016 aliqua
1119 2934 1210 2997 inter

10 3091 35 3125 a
141 3046 327 3124 utramque
350 3041 487 3123 existat,
512 3045 550 3104 ut
572 3044 690 3106 textus
714 3059 816 3105 sacer
849 3059 930 3104 cum
962 3043 1020 3115 eis,
1051 3039 1095 3103 ad
1119 3058 1211 3122 quae

10 3154 33 3237 ζ
138 3132 287 3214 scientia
311 3149 479 3230 pervenit,
503 3150 538 3210 in
563 3148 664 3229 pleno
688 3150 732 3211 sit
756 3154 937 3213 concentu.
976 3148 1093 3230 Longe
1118 3148 1210 3212 enim

14 3244 19 3251 ¹
138 3260 246 3336 abest,
272 3262 310 3319 ut
334 3255 515 3337 Scriptura
549 3273 653 3319 sacra
687 3262 807 3320 narret
841 3257 1013 3319 Adamum
1038 3265 1073 3320 et
1096 3255 1211 3318 Evam

139 3366 175 3427 in
199 3363 270 3426 alto
294 3363 401 3426 fuisse
423 3362 536 3444 gradu
561 3364 721 3427 culturae
755 3365 792 3440 (si
825 3382 865 3428 eo
898 3381 1001 3428 sensu
1026 3363 1114 3428 haec
1139 3380 1211 3426 vox

138 3480 300 3535 sumatur
322 3488 390 3551 quo
415 3488 508 3534 nunc
527 3471 738 3551 accipimus).
763 3471 851 3534 Nam
876 3489 987 3553 neque
1010 3471 1096 3533 artis
1120 3488 1209 3533 com-

138 3577 288 3660 parandi
312 3577 577 3660 fabricandique
600 3580 733 3641 ierrum
757 3583 838 3642 sunt
861 3578 962 3659 periti
986 3596 1097 3659 neque
1122 3585 1210 3640 cete·

251 3848 270 3911 ¹)
288 3846 372 3898 Inter
391 3845 551 3898 catholicos
580 3845 742 3912 Kleutgen.
773 3845 936 3912 Theologie
962 3844 1015 3897 der
1034 3843 1162 3898 Vorzeit.
1182 3844 1210 3895 ΙΙ

136 3936 167 3989 d.
187 3937 213 4004 9,
232 3940 247 3999 θ
268 3936 309 4004 13,
330 3936 441 4002 optime
455 3941 485 3987 et
499 3950 643 4003 perquam
663 3936 728 3987 fuse
747 3934 865 3987 disserit
884 3933 920 3986 de
936 3948 1023 3986 sensu
1043 3949 1102 4001 quo
1122 3933 1211 4001 primi

137 4033 278 4098 parentes
297 4043 315 4080 a
337 4040 372 4078 ss.
394 4024 529 4092 patribus
548 4025 715 4078 infantibus
734 4030 954 4092 comparantur.
