2872 4666
624 80 840 145 „63-

177 298 297 358 αὐτόν
321 298 403 381 ἔχων
425 293 540 366 εὐκλεὲς
562 294 754 379 περιβόλαιον
786 293 838 356 καὶ
869 295 926 380 τὴν
958 296 1010 357 καὶ
1044 299 1139 357 αὐτοῦ
1163 318 1274 382 περι-

176 402 469 489 βεβλημένος
491 404 579 489 χάριν
601 404 653 464 καὶ
676 412 732 464 τοῦ
755 404 848 488 μόνου
870 403 1063 489 γλυκυτάτου
1081 413 1199 489 καρποῦ
1218 410 1275 489 τῆς

181 515 301 573 αὐτοῦ
326 509 455 595 θεωρίας
487 517 700 595 κατατρυφῶν,
734 505 801 570 οἷά
833 534 897 583 τις
930 515 1111 596 ἄγγελος
1145 514 1273 582 ἄλλος

178 620 251 680 καὶ
277 618 379 705 ταύτῃ
403 618 609 703 τρεφούμενος,
638 619 707 703 ὅπερ
734 610 771 703 δὴ
795 619 847 680 καὶ
872 608 961 690 ξύλον
984 609 1061 704 ζῳῆς
1084 609 1175 690 ἀξίως
1198 619 1273 680 ὠνό-

181 748 330 810 μασται.
355 723 440 810 Ζῳῆς
466 725 523 810 γὰρ
547 726 720 804 θανάτῳ
744 726 795 810 μὴ
820 717 1060 812 θιακοπτυμένιγς
1082 730 1101 811 ἡ
1124 726 1278 812 γλυκύτης,

181 840 254 918 τῆς
298 831 421 904 θείας
461 825 683 916 μεθέξεως,
729 842 793 904 τοῖς
838 834 1105 918 μεταλαμβάνουσι
1146 823 1273 918 μεταδί-

190 932 314 1000 δωσιν»
331 938 359 1016 ¹).

311 1044 398 1106 Ζῶον
430 1047 567 1107 ἐνταῦθα
600 1046 805 1132 οἰκονοόμενον
837 1049 1004 1109 τουτ’ἕστιν
1027 1049 1057 1108 ἐν
1079 1056 1126 1131 τῷ
1145 1049 1274 1134 παρόντι

198 1153 256 1232 βίῳ
291 1153 344 1213 καὶ
377 1155 517 1237 ἀλλαχοῦ
549 1154 770 1238 μεθιστάμενον
801 1156 831 1216 ἐν
862 1163 909 1238 τῷ
944 1161 1029 1216 αἰῶνι
1060 1163 1106 1238 τῷ
1130 1154 1275 1240 μέλλοντι

199 1261 254 1322 καὶ
288 1259 382 1346 πέρας
413 1271 470 1322 τοῦ
502 1261 670 1347 μυστερίου,
703 1285 741 1348 τρ
774 1265 847 1348 πρὸς
880 1265 952 1324 θεὸν
984 1263 1076 1324 νεύσει
1103 1262 1278 1348 θεοόμενονγ

200 1373 223 1427 θ
234 1389 249 1429 ε
262 1367 440 1451 σύμενον
466 1362 499 1429 δὲ
523 1374 561 1454 τῇ
586 1375 703 1456 μετοχῇ
728 1369 814 1441 θείας
836 1366 1055 1453 ἐλλάμψειοῆ

311 1474 342 1540 5.
366 1473 481 1539 Radix
503 1477 631 1540 erroris
653 1494 833 1539 russorum
857 1477 1037 1540 doetrinae
1068 1476 1103 1540 in
1128 1477 1193 1540 hoe
1216 1494 1274 1540 ea·

201 1583 274 1664 pite
307 1582 342 1644 iu
374 1601 414 1646 eo
447 1583 587 1647 videtur
611 1585 729 1666 latere,
766 1584 857 1674 quod
889 1602 931 1649 ea
964 1584 1181 1648 confundunt
1212 1587 1277 1647 aut

200 1779 422 1832 auctoritatem.
462 1776 652 1831 Venerantur
678 1778 762 1831 illum
789 1783 890 1831 autem
919 1793 988 1831 non
1015 1782 1056 1831 ut
1075 1794 1096 1831 s,
1118 1784 1278 1845 patrem,

201 1884 275 1922 cum
294 1868 400 1921 horum
420 1867 560 1936 periodus
578 1882 617 1920 ex
636 1882 738 1920 eorum
759 1875 859 1921 mente
874 1869 933 1920 iam
948 1882 1022 1920 saec.
1037 1866 1078 1921 IV
1093 1866 1177 1921 velV
1192 1868 1274 1920 clau·

201 1957 297 2023 ditur,
317 1957 368 2010 sed
386 1963 428 2010 ut
448 1957 671 2025 theologum
693 1957 844 2023 eximium,
864 1957 916 2024 qui
937 1958 984 2010 »in
999 1957 1135 2010 omnibus
1155 1957 1276 2025 spiritui

201 2053 297 2114 atque
325 2046 477 2100 doctrinae
504 2047 617 2099 veteris
643 2045 784 2099 ecclesiae
810 2045 972 2100 catholicae
996 2045 1095 2099 fidelis
1116 2053 1186 2114 cst»,
1209 2046 1277 2114 «qui

201 2135 281 2188 nihil
301 2136 392 2188 refert
411 2135 442 2187 in
462 2149 516 2188 suo
536 2150 633 2204 opere,
660 2135 738 2204 quod
758 2135 841 2203 prius
865 2150 924 2188 non
951 2136 989 2188 sit
1014 2136 1052 2188 ab
1078 2136 1280 2189 oecumenicis

202 2231 235 2277 et
254 2225 485 2292 particularibus
505 2224 626 2292 synodis
645 2223 804 2276 definitum
834 2231 886 2276 aut
912 2239 929 2277 a
956 2239 990 2277 ss.
1012 2223 1151 2277 Patribus
1171 2224 1274 2278 Docto-

204 2315 349 2382 ribusque
382 2314 551 2382 expositum
585 2313 854 2382 explicatumque».
893 2313 1068 2367 Damasceni
1102 2329 1205 2366 sensus
1231 2316 1280 2365 est

204 2417 313 2456 sensus
332 2403 424 2456 totius
442 2404 584 2471 antiquae
604 2403 767 2470 Fcclesiae3
793 2404 858 2456 eius
877 2403 1004 2456 verbum
1025 2407 1069 2455 est
1089 2403 1186 2456 veluti
1204 2402 1274 2455 ulti·

206 2507 290 2545 mum
310 2491 346 2544 de
366 2492 409 2544 eis
428 2507 504 2560 quae
524 2499 611 2544 antea
632 2493 663 2544 in
683 2491 737 2545 hae
756 2493 882 2544 materia
901 2491 980 2544 dicta
999 2499 1082 2559 sunt3
1111 2492 1154 2544 ita
1173 2495 1207 2544 ut
1223 2505 1278 2542 sua

204 2580 351 2648 dogmata
369 2581 434 2632 iure
453 2581 559 2633 merito
578 2580 744 2649 antiquo
763 2580 1043 2633 ecelesiastica
1062 2580 1120 2632 dici
1136 2574 1280 2647 possintn

205 2669 339 2738 Marsapiii.
358 2669 512 2722 Boroeuorie
530 2668 552 2737 1,
573 2674 588 2733 5
606 2670 632 2734 7,
653 2684 679 2737 p.
700 2669 819 2736 44-493
848 2669 1022 2738 Cuusnemps,
1042 2685 1088 2737 op.
1107 2685 1130 2721 e.
1150 2669 1173 2735 Ι,
1198 2673 1213 2732 ξ
1235 2667 1279 2734 18,

206 2775 235 2828 p.
256 2759 608 2828 114-117313pemenms,
628 2775 673 2827 op.
692 2775 716 2812 c.
736 2759 757 2826 Ι,
777 2775 804 2828 p.
826 2761 867 2813 lo,

320 2847 339 2916 ¹)
358 2847 442 2902 Joan.
463 2849 597 2902 Damaso.
617 2849 666 2900 lib.
686 2848 735 2901 eit.
747 2863 773 2925 .⁰·
792 2850 837 2909 11;
860 2879 889 2887 -
911 2850 1013 2916 itaque
1032 2848 1057 2901 is
1077 2849 1207 2916 primum
1226 2848 1277 2901 ho·

207 2939 320 2991 minem
340 2938 447 3006 passim
467 2954 535 2992 cum
556 2938 671 3006 angelis
686 2942 845 3006 comparat,
865 2938 902 2991 de
917 2938 1034 3006 quibus
1053 2937 1132 3006 quod
1147 2938 1278 3005 gratiam

207 3031 332 3096 spectat,
352 3027 423 3080 haec
441 3028 539 3080 docet:
560 3027 623 3078 κατὰ
643 3025 716 3096 χάριν
735 3027 760 3079 ἐν
779 3034 809 3097 τῇ
829 3027 901 3098 φύσει
920 3027 1051 3079 ἀθάνατον
1071 3026 1186 3096 εἰληφυῖα
1211 3026 1278 3093 (sei-

206 3118 279 3171 licet
297 3116 434 3183 angelica
454 3116 643 3184 substantia);
670 3117 711 3168 διὰ
737 3124 782 3168 τοῦ
808 3117 888 3183 λόγου
914 3117 997 3166 τοίνυν
1018 3115 1169 3180 ἐκτισθησαν
1188 3109 1278 3174 πάντες

207 3206 231 3258 οἱ
252 3205 357 3274 ἄγγελοι
377 3207 418 3256 καλ
436 3205 498 3257 ὑπό
518 3213 578 3258 τοῦ
598 3207 670 3274 ἁγίου
686 3207 824 3277 πνεύματος
848 3204 889 3256 διὰ
908 3212 953 3256 τοῦ
974 3202 1136 3275 ἅγιασμοῦ
1157 3203 1279 3259 ἐτελειώ-

210 3300 294 3362 θησαν
321 3295 516 3363 κατ’ἀναλογίαν
535 3304 577 3362 τῆς
607 3295 674 3357 ἀξίας
701 3298 741 3347 καὶ
767 3303 810 3360 τῆς
836 3295 928 3356 τάξεως
954 3301 998 3346 τοῦ
1025 3300 1148 3364 φοτισμοῦ
1174 3295 1216 3344 καλ
1236 3299 1279 3357 τῆς

207 3385 312 3456 χάριτος
339 3384 506 3454 μετέχοντες...
540 3383 635 3454 ἔξῳθεν
663 3391 706 3450 τῆς
735 3383 820 3444 οὗσίας
848 3383 891 3434 τόν
920 3382 1043 3452 ἁγιασμόν
1072 3382 1098 3434 ἐκ
1126 3388 1171 3433 τοῦ
1197 3383 1280 3449 ’ἁγίου

208 3473 354 3545 πνεύματος
380 3471 476 3543 ἔχοντες
503 3473 544 3526 διὰ
568 3481 611 3538 τῆς
633 3475 703 3534 θείας
722 3473 822 3543 χάριτος
844 3472 1066 3543 προφητεύοντες».
1086 3470 1136 3540 Op.
1157 3487 1180 3524 c.
1202 3470 1219 3523 l.
1242 3470 1283 3537 il,

203 3580 227 3618 c.
243 3565 269 3618 3.
291 3561 324 3617 Si
338 3561 450 3630 angeli,
469 3577 542 3630 ergo
560 3566 591 3615 et
610 3564 723 3631 primus
738 3563 824 3615 homo
839 3561 982 3614 dicendus
1001 3566 1046 3613 est
1064 3559 1182 3628 gratiae
1196 3573 1283 3611 sanc·

203 3653 356 3709 tilicantis
375 3651 530 3719 particeps.

316 3745 337 3810 ²)
356 3741 438 3795 Idem
458 3757 503 3811 op.
524 3757 548 3794 c.
568 3742 587 3794 l.
607 3740 643 3808 il,
663 3757 686 3794 o.
703 3741 744 3793 19.
