2872 4666
609 81 826 145 ..67-

291 295 427 358 Primus
442 294 551 376 homo,
572 303 610 357 ut
629 294 746 376 prim
758 314 806 360 us
820 296 848 376 ¹),
868 296 902 360 id
916 315 1062 381 quoque,
1082 304 1120 362 ut
1134 303 1252 364 cetera

175 410 411 483 praeteream,
436 420 522 483 prae
545 402 643 465 nobis
666 403 796 483 habuit,
820 404 911 487 quod
931 405 1111 469 scientiam
1136 411 1171 470 et
1194 425 1251 471 ve·

178 509 332 590 ritatem,
352 528 440 591 quas
459 528 521 574 nos
540 510 680 592 propria
695 510 866 575 industria
881 514 1064 597 acquirere
1079 514 1252 594 debemus,

183 617 241 681 ille
266 616 557 699 aliqualiter
585 635 703 681 omnes
735 618 869 683 infusas
904 640 926 684 a
959 620 1033 686 Deo
1056 626 1252 702 acceperat.

182 722 408 806 Quapropter
432 743 474 788 ss.
498 732 625 808 patres,
650 731 688 789 ut
710 727 848 792 nomine
872 745 990 792 eorum
1015 746 1039 791 s.
1064 727 1251 794 Damasce-

183 850 269 896 num
290 832 383 914 loqui
401 833 540 912 faciam,
564 833 693 913 passim
717 838 848 899 vocant
871 835 1058 898 Adamum:
1087 836 1252 920 «ἐνάρετον,

184 941 268 1027 πάσῃ
312 943 402 1026 ἀρετῇ
435 938 664 1026 τηγλαϊσμένον,
696 947 787 1002 πᾶσιν
820 945 945 1027 ἁγατοῖς
977 950 1140 1026 κομῶντα»
1156 941 1186 1020 ⁸),
1218 947 1254 1008 et

181 1047 250 1110 alio
284 1048 371 1111 1000:
408 1048 507 1123 «ὅθεν,
541 1048 661 1131 inquit,
698 1049 750 1108 καὶ
781 1049 839 1132 τὴν
870 1057 934 1109 τῶν
966 1039 1052 1121 ζώων
1089 1049 1253 1134 ὀνομασίαν

180 1163 476 1241 προφητικῶς,
510 1161 550 1227 ὡς
583 1147 701 1216 δούλων
735 1160 820 1239 αὐτῷ
854 1147 1019 1233 δόθέντων,
1062 1147 1253 1242 δησποτικῶς

182 1262 371 1348 ἐποιήσατο»
388 1261 418 1342 ³),
448 1271 639 1348 προφητικῶς
668 1300 707 1307 -
733 1281 815 1345 ergo
839 1281 858 1327 e
881 1265 1026 1328 scientia
1050 1265 1175 1328 inlusa.
1199 1263 1252 1328 De

182 1388 253 1453 qua
280 1389 304 1434 s.
331 1368 483 1452 Cyrillus
508 1370 779 1435 Alexandrinus:
818 1369 897 1431 «Διὰ
919 1381 1024 1448 τοῦτο,
1048 1372 1167 1454 inquit,
1200 1372 1252 1433 καὶ

182 1477 389 1562 ὁτροπάτωρ
415 1467 503 1561 Αδάμ
537 1481 591 1538 οὐκ
623 1477 653 1538 ἐν
684 1478 792 1563 χρόνῳ,
825 1478 965 1563 καθάπερ
998 1481 1080 1562 ἡμᾶς
1111 1479 1149 1540 τὸ
1178 1475 1252 1539 εἶναι

181 1690 267 1758 nelis,
293 1689 473 1742 remittimus
505 1688 543 1742 ad
576 1704 662 1758 opus:
691 1689 725 1743 A.
751 1689 884 1759 lirampf.
913 1690 973 1743 Dor
1002 1689 1172 1744 Urzustand
1200 1690 1252 1743 dos

184 1777 344 1832 Mensehen
373 1776 448 1830 nach
474 1777 526 1830 dci·
556 1777 651 1831 Lehre
679 1779 730 1832 des
758 1778 889 1847 heiligen
919 1776 1036 1846 Gregor
1061 1794 1120 1831 von
1146 1777 1251 1848 Nyssa.

180 1865 364 1935 Wirrzburg,
384 1867 461 1921 1889.

293 1953 722 2024 ι181111111111·ε(111111011110;
743 1958 815 2024 quia
834 1958 992 2027 praecipue
1011 1958 1087 2011 hano
1107 1957 1143 2010 ob
1162 1959 1250 2010 ratio·
1276 1983 1294 2001 ι

181 2062 261 2112 nem,
279 2045 373 2115 «quod
391 2045 486 2098 Adam
507 2046 619 2098 scilicet
639 2051 702 2098 erat
722 2047 897 2115 principium
918 2048 1072 2112 aliorum»,
1091 2046 1251 2100 tribuenda

182 2143 228 2190 est
247 2137 275 2189 ei
296 2135 420 2188 scientia
439 2135 545 2201 inlusa,
565 2140 600 2187 ut
615 2133 700 2188 docet
715 2150 736 2188 s.
751 2134 891 2188 Thomas:
913 2136 1024 2188 «Homo
1039 2141 1139 2189 autem
1155 2140 1252 2203 potest

182 2241 247 2280 esse
267 2224 445 2294 principium
465 2224 597 2291 alterius,
624 2239 682 2276 non
703 2225 796 2277 solum
824 2240 875 2293 per
901 2225 1125 2292 generationem
1149 2240 1250 2293 eorpo-

182 2315 285 2382 ralem,
305 2313 464 2366 sedetiam
485 2328 538 2381 per
556 2314 781 2366 instructionem
801 2319 831 2366 et
850 2314 1106 2383 gubernationem.
1130 2313 1166 2367 Et
1185 2314 1251 2367 ideo

184 2407 264 2459 sieut
285 2405 397 2472 primus
417 2402 503 2455 homo
523 2403 678 2456 institutus
698 2403 791 2457 estin
812 2409 892 2456 statu
908 2405 1037 2472 perlecto
1053 2409 1198 2472 quantum
1213 2403 1250 2474 ad

183 2508 301 2562 corpus,
320 2497 356 2545 ut
376 2492 475 2545 statim
496 2496 593 2560 posset
612 2507 766 2559 generare,
793 2494 834 2545 ita
860 2495 950 2546 etiam
975 2493 1131 2546 institutus
1155 2496 1200 2545 cst
1220 2493 1250 2544 in

183 2587 265 2636 statu
284 2583 415 2651 perfecto
435 2585 578 2648 quantum
605 2581 642 2634 ad
661 2581 800 2648 animam,
824 2588 859 2634 ut
879 2584 979 2635 statim
1000 2587 1096 2650 possut
1115 2582 1188 2635 alios
1208 2582 1249 2633 in-

184 2677 298 2726 struere
318 2676 348 2724 et
367 2670 545 2739 gubernare.
583 2669 648 2723 Non
664 2675 760 2739 potest
779 2678 881 2725 autem
900 2672 1009 2738 aliquis
1029 2673 1174 2723 instruero
1193 2672 1250 2723 nisi

182 2763 292 2816 habeat
312 2761 475 2814 seientiam.
495 2760 531 2813 Et
551 2761 616 2813 ideo
632 2761 745 2828 primus
760 2761 846 2814 homo
863 2762 903 2814 sio
919 2761 1073 2814 institutus
1088 2766 1165 2814 esta
1180 2761 1250 2825 Deo,

182 2857 217 2905 ut
232 2851 356 2904 haberet
370 2849 502 2902 omnium
519 2849 671 2902 seientiam
682 2849 712 2902 in
728 2850 836 2917 quibus
852 2850 937 2902 homo
952 2853 1101 2902 natusest
1116 2849 1250 2901 instrui».

184 2941 275 2994 Porro
294 2940 359 3006 agit
378 2953 399 2991 s.
421 2937 528 2990 Doctor
547 2937 583 2991 do
598 2939 767 3006 cognitione
783 2938 1067 3006 supernaturalium,
1087 2952 1177 3004 quam
1193 2937 1249 3005 pri·

183 3045 250 3082 mus
270 3030 357 3082 homo
376 3027 481 3080 habuit
502 3029 525 3096 1,
545 3043 571 3096 q.
592 3028 634 3094 94,
654 3044 679 3081 a.
699 3029 723 3081 3.
744 3058 773 3066 --
792 3028 873 3080 Idem
890 3043 910 3080 s.
926 3028 1036 3080 Doctor
1050 3042 1117 3080 oum
1133 3026 1170 3078 de
1184 3042 1251 3079 con-

181 3119 296 3172 ditione
316 3117 405 3185 prolis
425 3116 614 3184 generandae
634 3121 780 3184 quantum
799 3116 837 3170 ad
857 3117 1009 3169 seientiam
1036 3116 1066 3168 in
1094 3120 1174 3169 statu
1194 3117 1250 3167 ori·

182 3208 280 3278 ginali
297 3207 371 3274 agit,
387 3210 500 3260 statuto
515 3207 658 3274 principio
673 3208 812 3260 naturale
827 3221 890 3259 esse
905 3206 1025 3270 homini,
1044 3210 1079 3259 ut
1098 3206 1250 3258 scientiam

184 3297 333 3365 acquirat.
356 3295 408 3348 «Et
428 3294 501 3363 iden,
522 3296 628 3364 inquit,
647 3294 805 3348 dicendum
825 3301 879 3363 est,
906 3295 985 3363 quod
1012 3294 1095 3363 pueri
1121 3295 1149 3346 11
1171 3299 1251 3347 statu

183 3385 376 3440 innocentiae
402 3400 461 3437 non
485 3389 680 3438 nascerentur
698 3385 822 3453 perlecti
843 3386 873 3438 in
894 3385 1025 3452 scicntia,
1052 3383 1101 3436 sed
1129 3399 1193 3437 eam
1219 3385 1250 3435 in

180 3489 324 3546 processu
343 3474 484 3542 temporis
497 3473 610 3540 absque
629 3473 811 3527 difficultate
829 3474 1058 3542 acquisivisscnt
1073 3472 1250 3526 inveniendo

178 3565 231 3619 vel
252 3562 447 3617 addiscendo»
470 3565 493 3629 1,
513 3579 540 3631 q.
561 3563 620 3626 101,
639 3578 665 3615 a.
687 3564 709 3615 1.

294 3653 315 3716 ²)
334 3649 361 3706 S.
380 3650 457 3705 Joan
485 3652 620 3705 Damaso.
641 3667 685 3719 op.
706 3667 728 3704 c.
749 3653 767 3704 l.
787 3652 824 3718 11,
843 3667 867 3706 0.
888 3653 929 3705 11.

294 3743 313 3807 ³)
331 3741 372 3794 Id.
392 3741 441 3794 lib.
461 3741 498 3809 11,
518 3758 541 3795 c.
561 3742 603 3796 30.
