2872 4666
600 313 819 379 „44-

284 527 398 609 Atque
422 527 510 592 haec
533 532 586 591 est
610 527 737 607 brevio,
760 544 868 610 quam
891 529 983 592 russi
1001 528 1161 612 tradunt,
1187 528 1259 593 his·

175 632 265 697 toria
297 636 441 699 exortae
473 634 567 716 apud
591 633 782 699 catholicos
805 634 849 699 de
871 634 1003 701 iustitia
1027 635 1197 718 originali
1222 640 1262 701 et

176 739 336 821 originali
359 745 505 824 peccato
528 741 708 806 doctrinae
721 740 749 821 ¹).

284 849 313 914 2.
337 848 420 913 Tria
442 853 524 913 sunt
547 849 661 932 digna,
685 866 777 932 quae
799 848 858 914 hic
881 853 1053 916 notentur.

282 955 307 1021 Ι.
331 955 434 1020 Falso
453 957 654 1021 affirmatur
668 975 690 1022 a
704 957 813 1023 russis
828 958 1038 1023 catholicam
1057 957 1102 1023 de
1116 957 1261 1021 iustitia

175 1063 335 1145 originali
358 1068 393 1128 et
416 1064 575 1146 originali
599 1069 746 1146 peccato
768 1065 964 1130 doctrinam
996 1066 1134 1130 nonnisi
1159 1083 1259 1130 saec.

176 1169 224 1235 V⁰
247 1171 396 1253 primam
420 1172 536 1237 lucem
558 1173 746 1256 aspexisse.
791 1171 861 1254 Qui
892 1193 991 1239 error
1023 1175 1059 1239 in
1082 1193 1123 1241 eo
1149 1192 1258 1239 suam

178 1279 348 1345 rationem
372 1280 486 1362 habet,
509 1282 601 1363 quod
619 1281 714 1364 origo
734 1280 886 1362 alicujus
905 1283 1085 1348 doctrinae
1104 1284 1253 1347 contun-

176 1385 270 1449 ditur
302 1405 382 1451 cum
416 1388 548 1471 origine
576 1389 836 1455 controversiae
860 1389 903 1456 de
926 1390 1047 1456 eadem
1071 1408 1116 1454 ac
1136 1387 1253 1467 litis’t

176 1492 252 1558 Non
285 1493 480 1559 doctrinam
513 1497 724 1561 catholicam
748 1514 838 1562 saec.
862 1495 910 1561 V⁰
932 1503 1045 1561 ortam
1068 1515 1146 1562 esse
1171 1515 1254 1561 con·

177 1604 248 1665 stat
280 1602 339 1667 sed
372 1604 647 1668 controversiam
680 1604 723 1668 de
754 1621 797 1669 ea
829 1608 937 1687 atque
969 1622 1133 1686 pugnam,
1169 1622 1257 1668 cum

180 1709 339 1791 Pelagius
381 1712 557 1794 ceterique
598 1716 734 1775 rectum
775 1729 920 1776 censum
962 1714 1122 1777 evertere
1167 1714 1254 1777 nite·

177 1823 299 1881 rentur
311 1816 340 1897 ³).

285 1925 327 1989 II.
351 1924 435 1991 Sive
458 1927 589 1991 directe
608 1927 683 1994 sive
702 1926 870 1992 indirecte
889 1945 914 1992 s.
933 1927 1152 2008 Augustinus
1173 1945 1254 2009 pas·

178 2031 242 2096 sim
268 2036 306 2095 ut
330 2037 538 2117 prototypon
570 2034 811 2116 protestantici
844 2035 886 2100 de
919 2038 1064 2116 peccato
1087 2035 1255 2117 originali

177 2156 300 2205 sensus
324 2140 561 2222 praedicatur;
595 2142 724 2223 passim
748 2142 779 2206 ei
802 2141 1027 2225 imponuntur
1054 2145 1255 2223 protestan-

178 2246 264 2309 tium
298 2248 442 2329 placita:
475 2249 517 2314 de
549 2249 718 2313 radicitus
751 2266 813 2330 per
841 2252 1028 2331 peccatum
1051 2248 1151 2314 Adae
1177 2267 1261 2314 cor·-

178 2360 284 2436 rupta
317 2360 445 2419 natura
478 2357 642 2439 humana,
668 2357 721 2421 de
756 2356 892 2438 penitus
924 2357 1102 2421 destructo
1140 2356 1263 2421 libero

287 2640 307 2706 ¹)
326 2641 417 2694 Istam
438 2643 501 2694 nati
521 2646 612 2711 atque
632 2642 746 2695 evoluti
766 2641 915 2711 dogmatis
935 2641 1071 2696 catholici
1093 2642 1260 2699 historiam

179 2732 335 2784 retulimus
354 2733 417 2785 fere
437 2731 562 2800 propriis
582 2731 695 2784 verbis:
720 2732 831 2800 Hepom,
853 2731 905 2784 ldu.
931 2747 976 2801 op.
995 2748 1019 2786 c.
1044 2748 1070 2801 p.
1090 2733 1205 2788 45-46
1225 2741 1264 2789 et-

177 2820 325 2873 l'rueucrili
343 2821 390 2872 Eu.
411 2836 456 2889 op.
476 2835 499 2874 c.
518 2836 546 2889 p.
566 2821 685 2888 37-383
711 2819 884 2889 (lunonem,
904 2837 943 2874 en.
963 2820 1059 2875 Ouum
1077 2822 1254 2891 IIpanocuau·

178 2927 241 2963 uaro
266 2911 412 2974 llornaruu.
440 2911 602 2964 Borocuouis.
629 2911 694 2972 Idan.
715 2911 739 2963 2.
759 2910 842 2963 Hieras
862 2912 940 2979 1889,
965 2911 1018 2978 ΙΙΙ,
1038 2916 1053 2975 5
1071 2912 1115 2980 58,
1134 2928 1164 2981 p.
1185 2913 1263 2980 4153.

179 3001 257 3066 564,
276 3017 303 3069 p.
323 3002 479 3068 aaa-4723
500 3033 532 3040 -
551 3001 709 3070 Haranops,
736 3001 834 3070 apxieu.
861 3017 906 3070 op.
925 3018 949 3056 c.
970 3017 996 3070 p.
1016 3002 1136 3070 sae-673
1167 3003 1254 3056 Calar-

177 3107 244 3142 uom,
262 3091 297 3142 ΙΙ.
317 3091 348 3143 a.
368 3090 464 3145 Ouum,
483 3093 654 3145 Auouorernu.
674 3091 832 3144 llunomeuiu
850 3091 936 3159 Hpaa.
955 3091 1052 3160 Xpncr.
1071 3091 1261 3160 Bispoyeeniu..

177 3179 262 3232 Iliona
282 3181 359 3245 1898,
379 3181 417 3248 ΙΙ,
437 3185 452 3244 ξ
470 3183 513 3250 39,
533 3199 560 3251 p.
581 3181 696 3246 50-51,
716 3181 758 3234 55.

286 3271 307 3335 Ι)
327 3270 438 3325 Ultima
453 3287 524 3325 vcro
540 3271 615 3325 ratio
631 3276 694 3324 tum
713 3270 802 3323 huius
817 3270 988 3324 obiectionis
1003 3275 1066 3323 tum
1081 3274 1260 3325 ceterorum

178 3359 310 3428 quaeda
329 3362 386 3414 isto
405 3375 482 3415 novo
502 3362 664 3415 latinorum
684 3360 824 3428 dogmate
840 3365 1009 3428 narrantur,
1028 3359 1103 3413 latet
1121 3360 1154 3412 ln
1175 3360 1255 3414 falsa

179 3465 330 3503 russorum
349 3450 387 3504 de
405 3450 583 3519 dogmatum
603 3451 775 3505 evolutione
795 3451 918 3504 theoria.

288 3543 308 3607 Ι)
329 3540 503 3594 Doctrinam
529 3556 601 3594 vero
627 3540 802 3594 catholicam
822 3539 859 3592 de
878 3543 958 3593 statu
976 3539 1103 3593 hominis
1122 3544 1191 3591 tum
1211 3541 1254 3592 in·

178 3629 312 3682 nocentis
332 3636 394 3682 tum
416 3630 490 3698 lapsi
510 3630 708 3698 antiquiorem
729 3644 792 3682 esse
812 3644 887 3682 saec.
902 3627 928 3681 V
943 3634 989 3682 sat
1004 3642 1153 3697 superque
1168 3643 1256 3682 mon-

180 3724 255 3771 strat
284 3718 407 3772 historia
435 3718 619 3788 dogmatum.
649 3718 715 3772 Vid.
743 3719 795 3772 Dr.
821 3717 880 3773 Jos
910 3716 1061 3772 Schwane.
1097 3720 1254 3784 Dogmen·

179 3807 349 3875 geschichte
369 3807 422 3860 der
441 3808 664 3862 vomicaischen
683 3807 754 3860 Zeit.
774 3807 917 3861 Miinster.
937 3807 1015 3876 1862,
1034 3810 1055 3859 t.
1070 3807 1092 3875 Ι,
1112 3823 1185 3877 pars
1200 3809 1260 3877 ΙΙΙ,

178 3899 193 3960 §
227 3896 271 3962 48,
305 3897 346 3949 ld.
381 3897 691 3964 Dogmengeschichte
726 3897 779 3949 der
815 3897 1024 3966 patr-istischen
1052 3897 1125 3963 Zeis,
1158 3903 1181 3952 t.
1216 3900 1262 3968 ΙΙ,

178 4001 246 4054 pars
266 3986 318 4038 lll.
