2872 4666
617 304 857 368 -147-

176 516 377 581 actionum
410 518 692 598 repraesentatio,
725 499 816 601 quae
848 518 883 581 in
907 518 1128 599 primocasu
1152 538 1266 584 mora·

179 620 273 702 lem,
313 624 350 686 in
387 624 497 689 altero
534 624 806 689 intellectualem
843 625 989 688 hominis
1026 625 1265 691 educationem

184 731 417 806 spectabant.
442 767 482 775 -
503 730 659 796 Dixerim
697 732 968 796 intellectualem
1005 732 1267 798 instructionem

186 831 224 895 in
253 837 423 915 paradiso
445 840 578 902 iactam
601 856 676 903 esse
710 837 877 919 methodo,
909 856 1016 921 quam
1050 842 1180 903 vocant
1212 840 1269 903 in·

161 939 448 1017 ,tuitivams
466 944 494 1021 ¹).

309 1054 340 1116 4.
373 1051 439 1115 Illa
472 1070 556 1117 vero
589 1057 734 1134 paterno
766 1054 970 1118 educatoria
1003 1071 1064 1118 seu
1101 1054 1270 1138 paedago-

189 1149 276 1228 gica
307 1159 370 1224 Dei
394 1159 530 1247 providi
555 1177 641 1224 cura
665 1161 761 1225 hisce
785 1160 938 1225 constitit
961 1163 1113 1225 testante
1136 1179 1161 1224 s.
1181 1161 1271 1227 Scri-

190 1261 330 1334 ptura:

314 1375 343 1451 1)
365 1372 459 1437 Deus
483 1374 596 1454 posuit
618 1374 791 1439 hominem
819 1374 854 1436 in
877 1374 1041 1455 paradiso
1070 1375 1272 1456 voluptatis

191 1472 227 1530 ut
249 1482 468 1559 operaretur
491 1483 526 1544 et
542 1481 736 1546 ‘custodiret
758 1482 856 1544 illum
878 1479 972 1558 (Gen.
996 1482 1026 1562 2,
1052 1482 1102 1559 15)
1114 1480 1143 1560 ¹).

312 1591 343 1665 a)
370 1587 432 1651 «Et
449 1605 553 1667 nunc,
575 1587 688 1670 inquit
708 1587 882 1668 silvester,
901 1587 1057 1652 locorum
1077 1589 1269 1653 amoenitas

190 1679 348 1759 vivitice
375 1712 420 1758 ac
447 1695 602 1759 benefice
635 1695 710 1776 agit
742 1695 778 1758 in
810 1695 956 1758 hominis
990 1695 1156 1776 animum,
1188 1715 1270 1760 cum

192 1801 401 1864 necessario
424 1801 535 1864 altum
558 1802 695 1882 pulchri
720 1820 859 1866 sensum
890 1802 925 1864 in
949 1820 988 1867 eo
1011 1803 1142 1866 excitet
1166 1808 1272 1884 atque

192 1891 345 1989 efficiat,
378 1911 416 1971 ut
450 1909 478 1971 is
509 1907 555 1971 ad
587 1908 877 1988 perfectissimum
912 1909 1066 1972 universi
1100 1909 1274 1974 artificem

192 1995 248 2073 Pia
282 2017 402 2079 mente
424 2023 621 2097 consurgat.
654 2015 761 2078 Multo
785 2015 896 2097 magis
919 2014 1075 2079 benefice
1098 2015 1215 2079 debuit
1238 2015 1286 2078 in‘

193 2106 357 2184 Primum
380 2123 563 2203 hominem,
586 2122 646 2205 qui
669 2122 773 2204 plane
791 2115 1000 2203 incorruptis
1019 2126 1110 2187 esset
1129 2121 1272 2196 viribus,

192 2221 312 2292 agere
334 2229 393 2294 ille
415 2230 584 2311 imprimis
616 2230 763 2310 pulcher
795 2230 905 2311 loom,
938 2229 996 2311 qui
1032 2229 1176 2310 speciali
1210 2228 1276 2292 Dei

190 2325 344 2399 providi
362 2353 450 2400 cura
474 2337 653 2419 plantatus
671 2340 756 2416 erat
775 2337 900 2400 hortus
924 2335 1044 2417 Edem3
1069 2336 1274 2415 b)'0iiicium

188 2430 302 2524 Vero,
324 2443 417 2525 quod
435 2444 563 2507 homini
577 2443 772 2508 iniunctum
786 2445 871 2524 erat,
890 2443 1025 2508 colendi
1039 2443 1274 2524 operandique

184 2519 306 2632 horti,
321 2551 544 2631 provocando
563 2551 607 2614 ad
626 2551 790 2632 laborem,
810 2552 848 2613 ut
872 2567 933 2630 per
947 2569 984 2614 se
1003 2554 1107 2631 patet,
1126 2551 1275 2612 multum

182 2643 345 2740 quoque
363 2658 521 2722 conterre
544 2657 664 2722 debuit
686 2657 732 2720 ad
755 2656 962 2722 excitandas
991 2655 1276 2738 evolvendasque

181 2748 288 2824 eum
312 2764 481 2846 physicas
504 2769 577 2827 tum
603 2764 800 2845 spirituales
824 2764 970 2827 hominis
994 2763 1102 2842 vires;
1131 2767 1161 2841 c)
1184 2763 1275 2843 pari·

162 2846 258 2920 .th
282 2881 319 2936 et
343 2871 378 2934 id
400 2871 523 2952 ipsum,
554 2871 646 2953 quod
669 2871 770 2934 homo
798 2870 1000 2950 paradisum
1024 2869 1197 2932 custodire
1220 2868 1276 2931 de-

178 2944 290 3058 buit,
328 2996 398 3042 non
431 2979 540 3059 potuit
572 2996 640 3041 non
671 2978 828 3042 excitare
860 2981 894 3040 et
926 2994 995 3039 non
1026 2975 1170 3039 firmare
1198 2993 1275 3038 oon·

176 3068 394 3149 wiennam
425 3085 613 3167 praecipue
645 3085 737 3148 illius
770 3101 861 3167 quae
893 3084 924 3147 ei
957 3083 992 3145 in
1016 3083 1119 3146 terris
1142 3099 1276 3162 compe·

177 3162 310 3255 tabat
343 3192 536 3273 dignitatis;
569 3209 660 3274 quae
691 3191 816 3272 omnia,
848 3190 924 3253 fieri
957 3207 1026 3252 non
1050 3188 1169 3269 potuit,
1192 3189 1277 3270 quin

178 3310 425 3362 Ὢ-

321 3423 341 3487 ¹)
358 3421 503 3487 desinont,
522 3437 567 3490 op.
586 3436 610 3475 o.
629 3421 666 3489 II,
687 3425 702 3485 ἓ
722 3420 765 3486 39,
784 3435 811 3488 p.
831 3419 873 3473 50.

321 3514 342 3581 ¹)
360 3509 562 3566 Catechismus
594 3509 632 3562 ad
660 3510 873 3579 quaestionem,
906 3512 1006 3560 utrum
1040 3504 1195 3573 paradisus
1228 3505 1279 3557 ille

179 3569 305 3674 flJerit
323 3602 494 3672 spiritualis,
513 3615 550 3653 an
571 3595 753 3653 materialis?
773 3628 806 3635 -
825 3595 997 3664 respondet:
1025 3592 1160 3662 «Corpori
1186 3598 1276 3646 matc-

180 3672 296 3741 nalia
324 3692 399 3746 sicut
426 3689 543 3743 visibile
570 3689 751 3755 beatumque
780 3685 998 3748 habitaculum
1031 3683 1150 3736 animae
1178 3686 1278 3734 autem

181 3759 376 3833 ⁸Diritualis
395 3780 471 3833 sicut
489 3774 584 3832 status
602 3775 813 3830 benedictitiae
838 3788 905 3827 cum
925 3772 987 3825 Deo
1015 3770 1231 3824 communionis
1250 3774 1280 3821 et

181 3848 413 3924 spiritualium
439 3872 643 3922 creaturarum
674 3863 957 3931 contemplationis».
986 3861 1081 3913 liamx.
1110 3877 1135 3916 r.
1157 3861 1179 3927 l,
1206 3873 1230 3910 o.
1256 3861 1279 3910 1.

179 3938 228 3989 ³⁴¹·
256 3964 302 4018 1>-
321 3957 362 4013 24.
1104 4038 1155 4091 10*
