2872 4666
615 80 832 146 „35-

182 296 307 369 omnia
341 313 361 359 e
391 293 605 359 revelatione
637 293 849 358 solummodo
882 292 1045 374 cognosci
1077 277 1220 374 possunt
1233 290 1262 373 ¹).

189 401 224 468 Si
249 401 346 467 enim
367 400 515 465 hominis
538 401 649 465 libera
673 400 828 482 consilia,
860 399 927 464 nisi
959 399 1032 482 ipse
1054 399 1262 481 manifestet,

184 529 208 573 a
234 509 344 590 priori
377 509 539 591 cognosci
572 511 758 591 nequeunt,
792 527 813 571 a
845 507 979 571 fortiori
1003 507 1172 589 quomodo
1197 505 1262 571 Dei

181 617 301 680 libera
325 616 478 697 consilia,
511 615 571 698 qui
602 615 776 680 hominem
808 615 856 679 ad
878 615 1138 697 beatitudinem,
1170 631 1261 696 quae

181 727 294 789 extra
326 723 496 787 ambitum
528 724 603 788 eius
635 725 785 786 naturae
816 727 878 805 est,
910 722 1063 803 gratuito
1101 721 1261 802 destinat,
1314 767 1315 770 η

180 831 263 895 sine
297 829 440 911 speciali
473 830 688 895 revelatione
711 829 809 893 nobis
832 830 1049 893 innotescere
1072 825 1261 909 poterunt?
1292 846 1295 851 ⁴

180 938 377 1003 Praeclare
414 937 500 1001 illud
532 938 662 1019 duplex
694 937 834 1000 bonurn:
872 937 1035 1001 naturale
1071 938 1107 999 et
1142 952 1258 1016 super·

180 1045 352 1109 naturale
389 1045 440 1109 sic
476 1045 598 1125 paucis
635 1062 660 1108 s.
698 1043 847 1107 Thomas
888 1043 1139 1124 complectitur.
1181 1041 1261 1105 «Est

180 1155 308 1216 autern
332 1151 462 1233 duplex
485 1150 632 1215 hominis
656 1152 785 1213 bonum
820 1150 990 1231 ultimum,
1024 1149 1115 1232 quod
1148 1148 1259 1230 primo

182 1259 407 1323 voluntatem
430 1260 558 1332 movet,
582 1256 684 1339 quasi
703 1257 846 1320 ultimus
865 1257 959 1320 finis:
983 1274 1132 1338 quorum
1151 1273 1259 1318 unum

182 1370 239 1432 est
263 1365 563 1446 proportionatum
586 1367 737 1429 naturae
760 1365 945 1446 humanae,
969 1365 1052 1446 quia
1075 1364 1120 1426 ad
1144 1363 1259 1444 ipsum

183 1472 413 1536 obtinendum
445 1472 539 1536 vires
572 1472 753 1536 naturales
776 1471 964 1535 sufficiunt.
1011 1471 1055 1534 nt
1086 1471 1175 1534 haec
1206 1472 1260 1533 est

183 1577 346 1659 felicitas,
364 1579 407 1644 de
425 1595 495 1660 qua
514 1579 706 1660 philosophi
730 1578 836 1642 locuti
861 1581 950 1660 sunt,
971 1578 1028 1642 vel
1048 1576 1257 1657 contempla-

185 1685 273 1768 tiva,
305 1702 396 1767 quae
428 1685 585 1749 consistit
617 1686 653 1749 in
688 1691 771 1750 actu
796 1684 996 1767 sapientiae,
1033 1685 1093 1749 vel
1128 1683 1258 1765 activa,

185 1810 279 1876 quae
303 1792 458 1856 consistit
481 1793 592 1874 primo
615 1794 651 1856 in
669 1798 753 1858 actu
772 1793 977 1875 prudentiae
995 1794 1030 1857 et
1048 1807 1258 1873 consequen·

185 1904 240 1966 ter
264 1900 301 1963 in
324 1899 461 1964 actibus
484 1900 635 1964 aliarum
659 1901 831 1965 virtutum
855 1900 1048 1964 moralium.
1079 1898 1183 1963 Aliud
1206 1904 1259 1962 est

186 2007 317 2071 bonum
346 2008 527 2087 excedens,
547 2008 642 2089 ‘quia
675 2009 720 2072 ad
752 2008 866 2089 ipsum
899 2007 1132 2088 obtinendum,
1163 2005 1258 2070 vires

186 2115 369 2178 naturales
406 2133 475 2178 non
512 2115 704 2180 sufficiunt:
742 2133 826 2180 nec
864 2115 918 2178 ad
951 2086 1301 2196 cogitandum·

187 2221 257 2287 vel
281 2220 657 2302 desiderandum,
681 2223 759 2286 sed
783 2240 837 2311 en
860 2221 948 2286 sola
972 2220 1137 2284 divina
1161 2218 1257 2282 libe·

186 2327 392 2392 ralitate
416 2329 591 2392 homini
614 2329 985 2410 repromittitur.
1020 2331 1036 2392 1
1064 2324 1137 2392 Oor.
1161 2327 1190 2389 2.
1214 2324 1258 2388 Et

186 2436 254 2500 hoo
277 2437 330 2500 est
353 2435 428 2499 vita
451 2439 614 2501 aeterna»
630 2435 659 2514 ²).
683 2437 799 2518 Atque
818 2435 882 2500 sub
901 2437 967 2500 hoc
986 2438 1146 2517 respectu
1166 2432 1257 2514 prin·

187 2542 319 2624 cipium
342 2559 522 2606 russorum
546 2544 674 2607 falsum
698 2547 758 2611 est.

296 2753 316 2818 ¹)
335 2753 372 2806 Et
391 2753 469 2806 russi
497 2753 669 2822 praedicant
695 2755 902 2809 necessitatem
930 2753 1121 2808 revelationis
1146 2752 1184 2805 ad
1209 2767 1255 2805 co·

184 2842 393 2911 gnoscendum
411 2842 508 2895 Deum
527 2849 618 2911 atque
637 2859 684 2896 res
703 2843 829 2897 divinas.
868 2842 925 2897 Sed
951 2844 1026 2897 hanc
1051 2842 1256 2896 necessitatem

183 2934 329 2999 repetunt
348 2935 412 2984 tum
432 2931 600 2998 generatim
619 2947 635 2984 e
654 2932 880 2986 defectibilitate
900 2937 929 2985 et
948 2933 1127 2985 limitatione
1151 2930 1255 2982 huma·

183 3033 245 3074 nae
262 3024 397 3086 naturae,
416 3023 482 3073 tum
501 3021 677 3089 specialiter,
696 3037 764 3075 cum
784 3023 933 3075 hominem
953 3021 1065 3074 scilicet
1078 3020 1195 3088 lapsum
1211 3032 1254 3070 re·
1310 3010 1315 3022 '

184 3109 325 3178 spiciunt,
352 3123 368 3162 e
393 3110 607 3177 depravatione
632 3113 726 3165 nostri
745 3111 849 3179 cordis,
876 3127 914 3164 ex
939 3125 973 3163 eo
998 3109 1077 3178 quod
1097 3110 1255 3162 instinctus

184 3197 347 3266 religiosus
366 3211 486 3266 peccato
506 3204 551 3252 est
569 3200 740 3268 hebetatus,
769 3205 904 3269 preterea
924 3201 1139 3254 revelationem
1165 3212 1256 3266 quam

182 3288 291 3342 dicunt
319 3290 580 3357 supernaturalem
599 3290 788 3344 considerant
806 3292 902 3344 veluti
922 3289 1070 3358 quoddam
1092 3287 1255 3342 necessario

181 3377 321 3431 debiturn
349 3392 388 3431 ex
416 3382 500 3447 parte
528 3379 584 3432 Dei
613 3380 853 3448 supplementum
883 3379 1073 3434 revelationis
1100 3377 1255 3431 naturalis.

181 3465 251 3521 Vid.
271 3466 448 3536 Cntnneerps,
468 3483 514 3537 op.
534 3482 557 3520 c.
576 3467 599 3536 I,
620 3473 635 3533 §
654 3469 769 3537 40-43,
789 3485 815 3538 p.
831 3469 987 3537 lta-2843
1006 3467 1174 3529 Hursnuuiii.
1189 3467 1254 3519 Bue-

178 3556 256 3619 neuie
273 3573 312 3609 ns
330 3555 415 3625 Hpan.
435 3557 597 3610 Boroarosie.
625 3557 791 3627 Crauponons
811 3558 887 3627 1893,
914 3557 1063 3625 §11-12,
1089 3572 1116 3624 p.
1135 3557 1256 3622 42-47;

178 3654 214 3700 et
231 3646 308 3700 alias
328 3645 493 3713 theologias
512 3645 760 3700 fundamentales.

292 3735 314 3802 ²)
332 3732 378 3788 De
396 3733 497 3803 Venit,
518 3750 545 3802 q.
566 3736 608 3803 17,
627 3752 653 3789 a.
673 3737 698 3790 2.
