2872 4666
564 302 874 375 .-136-

327 515 404 579 VII.
426 517 542 597 Atque
564 515 661 580 hisce
682 515 881 580 claudimus
902 517 1096 581 articulum
1128 518 1177 582 de
1205 520 1307 580 statu

219 624 322 706 primi
355 624 512 701 hominis,
545 623 604 685 ubi
637 624 789 704 primunr
820 642 841 688 e
873 624 1037 689 manibus
1069 624 1135 688 Dei
1160 624 1307 706 prodiit.

220 907 420 961 essentialiter
439 907 623 960 necessariae
641 916 748 961 essent.
769 908 933 960 veritatum
952 918 1149 978 apparatum»
1170 914 1210 978 (p.
1225 911 1303 978 4:20).

218 994 302 1050 Gur?
321 996 413 1058 «Quia
432 1009 518 1048 secus
535 996 656 1062 generis
669 996 793 1048 humani
807 1011 985 1064 progressus
1000 998 1089 1066 plane
1103 1000 1303 1067 impossibilis

219 1093 323 1139 esset».
342 1085 371 1138 ls
389 1084 469 1137 enim
488 1083 585 1137 Adam
604 1085 664 1137 init
684 1094 820 1153 respectu
839 1094 1034 1154 posterorum.
1063 1088 1116 1156 qui
1141 1096 1192 1141 est
1211 1094 1301 1157 patet·

218 1175 267 1228 vel
287 1174 481 1242 paedagogus
500 1186 636 1241 respectu
654 1175 825 1227 infantium.
851 1174 970 1229 «Omnis
988 1185 1091 1229 autem
1110 1178 1215 1231 infans
1234 1183 1297 1244 (ex-

219 1264 313 1335 ceptis
331 1264 463 1332 protecto
491 1263 582 1316 surdo
607 1265 710 1327 mutis)
734 1279 804 1316 cum
828 1263 970 1332 expedita
996 1264 1120 1334 quidem
1139 1266 1296 1334 cogitandi

220 1351 422 1421 loquendique
441 1351 585 1404 facultate
603 1352 751 1414 nascitur;
776 1352 828 1404 sed
852 1352 1082 1407 nullomodo
1101 1355 1171 1408 lieri
1189 1364 1297 1424 potest,
1381 1399 1434 1441 τι,

219 1442 293 1510 quin
312 1456 414 1510 perse
434 1441 482 1493 vel
502 1441 636 1508 cogitare
654 1441 702 1493 vel
722 1441 805 1509 loqui
823 1440 932 1505 discat3
951 1458 1021 1496 nam
1040 1443 1079 1496 ad
1094 1444 1291 1513 cogitandum
1390 1483 1428 1516 m

218 1546 337 1585 necesse
364 1537 418 1593 cst,
445 1540 481 1582 ut
510 1531 688 1583 intrinsecus
716 1531 872 1584 nobiscum
901 1533 961 1585 iam
990 1533 1121 1601 colloqui
1150 1535 1293 1599 sciamns;
1365 1569 1426 1615 {t

219 1621 300 1689 quod
327 1636 386 1674 non
413 1619 504 1672 datur
529 1619 610 1687 apud
637 1621 792 1672 infantem.
824 1620 943 1673 Pariter
968 1628 1006 1675 nt
1032 1622 1116 1692 loqui
1136 1626 1293 1693 possimus,
1351 1672 1420 1699 v,

219 1715 336 1780 oportet
352 1709 513 1762 calleamus
531 1709 562 1761 id
581 1709 715 1776 cogitare
734 1709 814 1777 quod
834 1710 964 1763 locuturi
982 1713 1110 1775 erimus;
1135 1713 1217 1781 quod
1244 1728 1289 1781 pa-
1358 1751 1414 1759 --

219 1801 293 1855 riter
310 1815 369 1853 non
387 1806 433 1851 est
452 1799 484 1851 in
501 1799 644 1851 infante».
663 1797 735 1860 Quis
753 1799 922 1868 igiturest,
941 1802 994 1868 qui
1013 1804 1126 1856 excitet
1145 1804 1290 1857 infantem
1341 1825 1413 1859 ι]

218 1890 444 1957 asuetaciatque
462 1889 525 1940 sive
539 1887 578 1940 ad
591 1888 787 1956 cogitandum
802 1891 866 1942 sire
881 1889 919 1941 ad
932 1891 1127 1958 loquendum.
1147 1892 1292 1945 Parentes
1319 1910 1415 1946 a

218 1979 283 2032 sine
301 1978 392 2030 dubio
412 1976 460 2029 vel
480 1977 532 2044 qui
551 1991 655 2029 eorum
675 1977 773 2030 locum
793 1984 905 2032 tenent.
943 1976 1002 2033 Sed
1022 1996 1128 2033 rursus
1147 1997 1165 2034 a
1185 1996 1243 2050 quo
1261 1983 1288 2034 hi
1332 1984 1374 2032 ἰ
1387 1983 1412 2032 ,ι

219 2067 342 2121 excitati
361 2071 432 2118 sunt
445 2064 673 2134 asueiactique?
691 2067 718 2118 Α
733 2067 796 2119 suis
810 2068 992 2134 parentibns
1007 2075 1039 2122 et
1053 2069 1207 2138 aiensque
1221 2070 1289 2123 dnm
1315 2081 1415 2119 4ίιι

218 2156 257 2210 ad
271 2157 401 2225 primum
420 2155 569 2208 hominem
590 2156 800 2223 perveniatur;
821 2157 889 2223 «qui
904 2157 928 2208 si
943 2157 1093 2226 loquelam
1108 2158 1227 2212 tradere
1241 2174 1288 2227 po·
1319 2185 1364 2194 -
1381 2171 1414 2200 ⁴·

219 2246 287 2312 tuit,
307 2245 499 2297 manifestum
520 2249 564 2296 est
583 2244 669 2297 illurn
689 2244 748 2296 iam
768 2244 908 2298 habuisse
926 2261 992 2298 eam
1008 2253 1100 2316 atqne
1119 2249 1209 2300 simul
1223 2263 1289 2301 cum
1316 2255 1415 2296 m

219 2351 255 2388 ca
273 2336 364 2387 etiam
383 2334 545 2400 evolutam,
571 2344 742 2386 accuratam
770 2349 805 2387 ac
830 2334 1060 2390 determinatam
1084 2339 1288 2406 cogitatio·
1316 2363 1358 2372 -
1377 2342 1415 2375 ⁴·

218 2439 319 2478 nem»
338 2427 375 2492 (p.
394 2421 553 2486 ‹tao-421).
574 2453 607 2460 —
631 2422 728 2484 «Quod
748 2424 772 2475 si
791 2439 852 2477 non
870 2426 991 2479 omnino
1010 2426 1047 2478 de
1067 2428 1149 2480 omni
1165 2427 1375 2481 hominis&
1393 2414 1416 2465 2⁸

219 2528 388 2584 progressu,
408 2513 512 2564 saltem
532 2510 569 2563 de
589 2513 782 2580 religiosa
802 2514 1021 2583 moralique
1039 2516 1104 2569 cius
1117 2518 1290 2571 evolutione
1316 2515 1408 2560 ‘3²

217 2603 376 2657 dicendum
396 2611 467 2654 est».
504 2600 568 2652 lam
587 2601 722 2653 inclinati
742 2602 863 2670 quidem
882 2618 917 2656 ac
937 2603 1145 2672 praedispositi
1165 2605 1205 2660 ad
1227 2607 1291 2659 rell·
1326 2616 1401 2633 Ι

217 2694 333 2762 giosam
352 2691 554 2758 moralemque
582 2692 675 2743 vitant
699 2693 859 2758 nascimur,
883 2693 948 2760 ipsa
975 2698 1086 2747 natura
1114 2709 1206 2748 sensu
1225 2696 1292 2749 reli·
1339 2706 1387 2721 Ι

216 2783 302 2851 gioso
321 2779 486 2849 moralique
504 2778 641 2847 praediti.
671 2778 728 2834 Sed
748 2788 783 2832 ut
802 2780 851 2834 hic
870 2783 963 2834 nostri
982 2783 1078 2836 animi
1096 2799 1222 2853 campus
1241 2786 1292 2838 ali-

217 2871 290 2940 quid
310 2871 397 2937 terat,
416 2884 490 2937 opus
509 2877 553 2921 est
572 2874 607 2921 nt
626 2871 657 2921 in
676 2883 711 2921 eo
731 2870 845 2922 semina
864 2886 967 2924 earum
987 2887 1066 2940 quae
1080 2874 1180 2941 magis
1194 2889 1291 2928 essen·

218 2961 304 3014 tiales
323 2963 394 3012 sunt
420 2958 492 3010 fidei
511 2963 541 3010 et
560 2973 676 3011 morum
695 2958 859 3011 veritatum
879 2959 1073 3013 seminentur.
1112 2960 1196 3016 Haec
1220 2978 1295 3017 vero

218 3051 332 3103 semina
350 3064 410 3102 non
428 3062 564 3101 creamus
584 3063 681 3114 neque
700 3048 881 3115 invenimus,
902 3049 953 3102 sed
971 3049 1025 3103 alii
1042 3051 1082 3104 ab
1096 3051 1166 3104 aliis
1180 3053 1294 3106 tradita

216 3140 390 3208 accipimus:
409 3137 509 3190 iudaei
528 3141 559 3189 et
577 3137 732 3191 christiani
751 3143 831 3191 certe
849 3153 889 3193 ex
909 3139 1099 3193 revelatione.
1118 3138 1178 3195 Sed
1198 3143 1292 3196 unde·
1410 3130 1435 3184 ΡΤ

216 3246 286 3284 narn
304 3229 395 3283 etiam
415 3228 495 3296 apud
514 3241 648 3295 paganos
667 3228 741 3280 haec
756 3229 869 3280 semina
888 3228 1104 3296 reperiuntur?
1122 3229 1189 3285 Hoc
1208 3233 1297 3286 nnllo

216 3320 275 3374 alio
295 3318 380 3372 modo
401 3315 545 3385 explicari
564 3321 661 3385 potest
679 3316 737 3368 nisi
756 3318 981 3386 praesupposito
1002 3333 1135 3388 paganos
1160 3321 1215 3374 has
1242 3337 1293 3374 ve·

217 3410 321 3463 ritatcs
341 3422 379 3459 ex
400 3407 560 3460 traditione
580 3421 658 3474 quae
683 3420 779 3474 nsque
802 3406 841 3458 ad
866 3413 1092 3476 protoparentes
1114 3410 1299 3464 ascenderet

217 3497 363 3563 hausisse3
390 3499 613 3564 protoparentes
638 3509 710 3547 vero
739 3510 789 3548 eas
815 3511 833 3548 a
859 3495 922 3550 Deo
947 3502 1124 3566 acceperant
1141 3501 1182 3568 (p.
1203 3499 1295 3553 421-

216 3588 288 3653 422).
308 3585 371 3639 Hoc
390 3585 476 3638 modo
496 3585 600 3652 probat
619 3582 764 3637 Silvester
779 3590 1004 3654 protoparentes
1019 3587 1125 3640 saltem
1141 3596 1296 3655 quantum

216 3677 254 3729 ad
262 3674 472 3744 perfectionem
483 3673 653 3740 religiosam
662 3674 864 3742 moralemque
873 3689 932 3727 non
943 3675 1033 3730 fuisse
1042 3675 1214 3730 conditione
1225 3678 1299 3732 inti·

217 3782 279 3831 ma3
290 3764 340 3817 sed
350 3778 398 3815 cos
407 3763 555 3816 habuisse:
567 3768 737 3815 accuratam
749 3779 784 3816 ac
794 3764 955 3834 praecisam
964 3765 1187 3833 cogitationem,
1198 3782 1295 3834 quae-

216 3855 284 3908 dam
296 3853 459 3904 veritatum
472 3866 549 3920 quae
561 3852 631 3918 ipsis
643 3852 841 3905 essentialiter
855 3855 1037 3907 necessariae
1053 3860 1151 3906 essent
1166 3858 1299 3924 semina,

216 3941 364 4012 quendam
376 3956 477 3993 earum
489 3948 673 4007 apparatum.
692 3941 748 4003 Qui
759 3948 920 4011 apparatus
931 3945 961 3995 in
972 3958 1100 4012 quonam
1111 3945 1300 4012 constiterit,
