2872 4666
608 313 829 377 ..21-

176 532 368 594 creaturae
391 528 601 610 exigentiam
634 530 669 592 et
702 527 927 609 tendentiam3
959 545 1042 609 ergo
1074 526 1250 593 beatitudo

176 641 324 701 aeterna
343 652 423 700 cum
442 635 575 699 visione
591 635 654 699 Dei
674 634 793 698 laciali
813 635 1054 701 consideratur
1070 641 1250 717 tamquam

177 743 260 808 finis
284 745 470 808 creaturae
493 742 656 807 rationali
680 744 894 825 congenitus
917 741 1166 808 connaturalis.
1190 742 1250 808 At·

178 869 247 933 que
271 849 307 913 in
330 850 397 914 hoc
419 850 509 914 russi
544 850 711 915 differunt
733 869 755 914 a
774 849 958 914 catholicis
989 851 1048 933 qui
1081 850 1250 916 visionem

179 958 244 1023 Dei
268 957 470 1023 beatificam
493 965 634 1038 praeter
657 963 691 1022 et
714 974 822 1039 supra
846 962 1011 1021 naturam
1034 958 1093 1023 vel
1112 957 1248 1039 exigon·

179 1065 265 1129 tiam
289 1064 399 1128 omnis
423 1067 608 1129 creaturae
631 1067 772 1146 ponunt.

287 1170 345 1236 VL
369 1169 469 1251 Quod
494 1188 579 1236 vero
602 1171 831 1252 aptitudinem
855 1177 1042 1237 creaturae
1071 1172 1251 1235 rationalis

179 1282 215 1344 et
238 1278 436 1361 specialiter
459 1278 561 1360 primi
585 1278 732 1342 hominis
755 1279 801 1342 ad
820 1297 922 1343 suum
940 1280 1048 1344 finem
1066 1296 1250 1362 assequen-

179 1387 263 1451 dum
301 1390 446 1469 spectat,
483 1386 613 1467 passim
651 1385 778 1450 dicitur
811 1404 947 1452 omnem
982 1391 1182 1452 creaturam
1217 1390 1251 1450 et

180 1492 379 1576 specialiter
403 1494 577 1558 hominem
604 1493 789 1575 «prodiisse
812 1513 831 1558 e
854 1494 1015 1558 manibus
1034 1494 1099 1559 Dei
1122 1499 1251 1558 natura

180 1619 246 1665 sua
269 1602 472 1683 perlectum,
504 1601 571 1664 boc
594 1604 647 1666 est
670 1601 715 1664 ad
739 1618 839 1664 suum
863 1601 970 1667 finem
994 1602 1251 1684 assequendum

181 1708 319 1772 omnino
342 1711 495 1790 aptum»,
523 1707 677 1773 «viribus
699 1709 998 1791 facultatibusque
1016 1709 1062 1773 ad
1081 1709 1115 1772 id
1134 1726 1250 1774 neces-

180 1816 283 1880 sariis
301 1816 529 1898 praeditum»,
553 1820 682 1879 natura
701 1832 766 1879 sua
785 1833 870 1882 suae
894 1817 1027 1881 altae
1049 1816 1251 1881 destina-

180 1923 301 1987 tioni
333 1923 438 2006 plane
470 1924 807 2004 correspondentem,
841 1924 1148 2005 proportionatum,
1183 1925 1251 1987 suf·

179 2031 375 2096 sicientem»
391 2029 421 2111 ¹).
466 2029 551 2095 Esse
574 2034 702 2093 natura
735 2049 799 2094 sua
834 2033 1026 2112 perfectum
1050 2035 1085 2096 et
1108 2048 1183 2096 esse
1205 2030 1252 2094 ad

183 2156 287 2202 suum
318 2138 426 2203 linem
458 2139 712 2220 assequendum
745 2137 848 2219 plane
877 2144 999 2220 aptum
1030 2141 1112 2202 sunt
1143 2138 1252 2201 russis

181 2263 389 2328 synonyma.
1277 2325 1280 2330 ‚

289 2351 381 2416 Hinc
413 2356 492 2433 post
524 2353 786 2435 paragraphum
820 2352 862 2417 de
891 2360 1079 2420 creaturae
1101 2354 1250 2420 destina·

181 2462 274 2525 tione
296 2479 340 2525 ac
362 2462 434 2526 fine
457 2478 594 2542 semper
617 2460 756 2542 ponitur
779 2460 814 2522 in
840 2478 959 2524 eorum
978 2461 1163 2543 theologiis
1193 2479 1251 2543 pa-

180 2568 379 2650 ragraphus
402 2568 444 2633 de
468 2570 654 2632 creaturae
679 2567 889 2649 perfectione
912 2586 973 2632 seu
993 2568 1187 2651 aptitudine
1206 2569 1251 2632 ad

180 2675 331 2741 eundem
353 2675 468 2739 finem.

282 2779 381 2876 ⁴Quid
405 2800 486 2864 ergo
518 2782 742 2847 sentiendum
771 2786 824 2848 est
856 2784 898 2849 de
930 2785 999 2848 hac
1035 2782 1252 2866 aptitudine?

182 2893 339 2970 potestne
371 2889 433 2953 illa
465 2889 580 2972 accipi
610 2907 713 2954 seusu
736 2895 877 2955 nostrae
900 2892 1073 2973 potentiae
1095 2890 1251 2955 obedien-

180 2995 298 3060 tialis?
330 2995 479 3060 Minime.
512 2996 630 3061 Verba
663 2998 765 3079 enim,
798 3015 889 3080 quae
912 2998 1103 3078 attulimuS‚
1131 2997 1253 3061 dicunt

182 3103 261 3186 plus
285 3121 391 3185 quam
415 3121 549 3168 meram
569 3122 636 3167 non
655 3105 925 3186 repugnantiam
945 3107 1115 3169 adfinem
1135 3121 1251 3185 super-

181 3210 391 3275 naturalem.

291 3316 321 3382 5.
344 3316 421 3381 VII.
445 3315 619 3383 Creatura
643 3319 735 3383 sicut
767 3338 835 3384 nou
858 3319 934 3401 ipsa
958 3320 1023 3383 sibi
1046 3337 1159 3402 neque
1182 3317 1252 3383 exi-

182 3424 348 3489 stentiam
385 3424 486 3506 dedit,
523 3435 639 3507 neque
666 3427 777 3508 ¹finem
809 3428 1017 3508 praestituit,
1054 3428 1103 3490 ita
1141 3444 1253 3509 neque

293 3619 315 3683 ¹)
333 3617 465 3686 Marapili.
484 3618 589 3672 Beroen.
608 3619 631 3685 Ι,
658 3619 735 3686 584,
761 3635 788 3688 p.
808 3620 874 3686 4633
900 3649 934 3658 —-
957 3621 1138 3689 lipomanum,
1165 3635 1202 3688 op
1229 3635 1253 3674 c.

183 3725 210 3778 p.
228 3710 289 3775 156,
311 3708 376 3775 1953
392 3737 424 3746 -
440 3707 615 3776 Grannum,
631 3724 676 3777 op.
691 3724 715 3762 c.
730 3708 782 3777 ΙΙΙ,
803 3713 818 3774 5
834 3711 876 3776 19,
896 3726 923 3779 p.
940 3710 1005 3776 1333
1021 3711 1090 3779 §bii
1106 3725 1133 3778 p.
1143 3710 1209 3775 4023
1222 3740 1253 3748 -

182 3797 312 3851 Annonid.
340 3796 447 3850 Eorom.
476 3801 491 3862 5
517 3797 560 3865 81,
589 3811 616 3865 p.
635 3797 683 3864 863
709 3825 743 3836 -
769 3797 908 3865 fflnnapern
925 3797 1008 3866 1laps.
1028 3814 1068 3865 op.
1087 3813 1108 3849 c.
1129 3801 1144 3861 5
1163 3797 1206 3864 90,
1227 3812 1264 3865 p.·

186 3886 343 3953 139-1403
363 3915 396 3924 —
416 3885 594 3950 Tnxnnncniii,
615 3903 654 3954 op.
674 3903 695 3938 c.
714 3886 747 3951 ΙΙ,
766 3903 823 3939 aru.
835 3887 876 3955 10,
896 3885 1192 3955 p.193;-Cabruom›,
1209 3901 1255 3954 op.

179 3992 204 4030 e.
215 3977 237 4044 l,
251 3981 267 4042 ξ
281 3977 324 4045 16,
336 3991 363 4044 p.
377 3975 442 4042 1873
453 3979 468 4040 ξ
481 3975 524 4043 33,
534 3991 561 4044 p.
572 3974 665 4044 3773-
676 3975 788 4041 Tnmnn,
799 3993 840 4044 op.
854 3993 875 4028 c.
890 3975 911 4041 l,
931 3993 990 4045 ypn.
1006 3976 1049 4043 18,
1068 3992 1096 4045 p.
1117 3975 1181 4042 1843
1201 3979 1256 4030 ete.
