2872 4666
592 319 833 384 —154-

175 529 251 594 sine
283 530 378 595 hisee
410 531 617 596 veritatibus
649 532 768 616 religio
801 533 988 600 subsistere
1018 553 1089 598 non
1123 540 1254 617 potest,

175 655 259 719 ergo
283 656 424 704 neeesse
447 644 508 720 est,
533 643 571 702 ut
594 639 675 704 illae
698 657 720 703 a
744 640 817 705 Deo
840 642 1043 707 revelentur
1055 641 1085 720 1).

284 743 350 810 Sed
375 764 442 808 non
466 746 577 809 solum
600 747 645 809 ad
669 746 923 829 depingendum
948 748 1013 812 Dei
1031 749 1253 831 predagoga·

176 857 252 914 tum
269 870 354 934 erga
374 852 522 933 primum
544 853 715 918 hominem
735 855 825 918 russi
847 858 990 919 utuntur
1014 855 1082 920 illis
1111 873 1138 919 s.
1160 855 1251 921 Sori-

178 959 302 1039 pturae
326 959 486 1040 textibus,
509 978 596 1042 quos
620 978 726 1042 supra
750 962 957 1026 attullimus:
990 959 1075 1026 Gen.
1104 963 1137 1043 3,
1170 963 1191 1028 8
1217 970 1252 1028 et

176 1063 302 1130 Siraoh
328 1067 377 1146 ll,
401 1067 520 1131 6-11.
568 1067 730 1131 Nonnulli
762 1069 811 1132 eis
835 1069 946 1132 innixi
968 1070 1149 1152 quandam
1174 1088 1250 1153 spe·

176 1171 302 1236 oialem
322 1172 524 1237 relationem
539 1174 750 1238 familiarem
765 1193 825 1240 seu
840 1175 1125 1240 consuetudinem
1140 1176 1250 1242 tuisse

177 1279 268 1343 inter
291 1278 404 1343 Deum
427 1285 462 1343 et
485 1280 657 1345 hominem
682 1287 821 1363 ponunt,
853 1300 960 1365 quam
994 1287 1032 1346 ut
1055 1282 1249 1365 plurimum

177 1386 314 1450 nomine
346 1388 597 1451 communionis
632 1389 790 1470 (nomenis,
828 1391 1016 1472 ooparuesie)
1048 1391 1107 1455 vel
1140 1391 1249 1455 etiarn

176 1495 427 1558 communionis
464 1495 685 1561 immediatae
721 1502 756 1562 et
792 1497 983 1578 personalis
1019 1497 1208 1580 designant
1219 1497 1247 1576 Ι).

287 1745 306 1808 ¹)
326 1742 369 1795 De
388 1743 467 1795 hisee
486 1742 563 1796 russi
582 1745 613 1796 in
632 1745 693 1796 suis
712 1744 870 1812 theologiis
888 1744 1168 1799 fundamentalibus
1182 1747 1246 1800 fuse

177 1832 348 1901 loquuntur,
367 1847 434 1885 cum
453 1832 491 1885 de
510 1833 656 1900 religione
675 1848 727 1885 seu
746 1833 865 1886 foedere
890 1833 969 1886 inter
987 1834 1084 1887 Deum
1103 1839 1135 1887 et
1154 1835 1247 1888 homi·

177 1937 254 1989 nem,
274 1922 386 1990 pariter
403 1937 472 1974 oum
491 1921 528 1974 de
547 1923 730 1975 revelatione
754 1929 785 1976 et
803 1924 978 1991 praesertim
1003 1922 1040 1976 de
1066 1925 1248 1978 necessitato

178 2011 309 2064 eiusdem
328 2016 433 2080 agunt.
453 2010 519 2064 Vid.
540 2011 664 2080 Manapill
689 2011 816 2072 Beeneeie
841 2029 877 2064 ss
898 2011 982 2080 Hpas.
1008 2012 1114 2065 Boroen.
1135 2012 1203 2074 Idan.
1223 2017 1246 2078 6,

176 2100 255 2154 ClIB.
276 2100 354 2165 1897,
374 2104 388 2164 5
409 2101 449 2165 13,
470 2117 496 2170 p.
516 2100 1016 2167 26-273flflrnnn1dn.ssoeneniess
1034 2101 1120 2170 [lpas.
1141 2101 1247 2155 Boroor.

176 2188 351 2258 Cranponous.
372 2189 450 2254 1893,
470 2193 485 2253 5
505 2190 623 2256 11-123
643 2193 657 2253 5
679 2191 724 2256 163
742 2190 905 2258 Asryernns.
924 2190 1104 2258 Pyrrosouerso
1127 2207 1166 2244 res
1184 2189 1248 2245 Oen.

178 2279 282 2332 Borom.
307 2279 373 2335 Idan.
392 2281 416 2332 3.
443 2279 552 2332 Moonaa
571 2280 648 2347 1891,
676 2283 690 2343 5
710 2280 752 2348 24,
777 2296 804 2349 p.
824 2280 930 2335 70-76
949 2284 979 2333 et
998 2280 1063 2333 alii:
1083 2311 1117 2318 -
1139 2282 1251 2335 rectius

178 2368 298 2431 videtur
317 2370 354 2423 de
373 2370 554 2423 revelatione
578 2370 689 2424 sentire
712 2370 943 2425 Pornnoersenonilt
960 2369 1162 2438 Xpneriauouaa
1180 2370 1250 2424 Auo

175 2475 309 2511 uoremna.
328 2459 420 2528 llypos
438 2458 551 2512 Oenone.
572 2460 708 2512 Bororuos.
728 2460 792 2518 Han.
813 2462 837 2511 9.
858 2459 936 2514 ens.
956 2459 1034 2527 1893,
1056 2459 1091 2527 ΙΙ,
1109 2475 1139 2528 p.
1161 2461 1251 2515 105-

180 2549 242 2609 150;
263 2579 296 2586 -
317 2548 360 2601 De
380 2549 459 2601 hisee
474 2550 576 2601 confer·
591 2564 668 2616 quae
687 2564 775 2618 supra
795 2550 888 2602 variis
906 2548 984 2603 notis
1002 2548 1142 2617 diximus
1163 2565 1250 2618 prae·

179 2639 281 2691 sertim
301 2654 370 2707 pag.
391 2639 540 2693 135-137.

286 2729 306 2794 ¹)
323 2728 563 2793 Poanemeenoulli,
584 2744 629 2796 op.
649 2743 671 2780 e
692 2727 729 2795 ΙΙ,
749 2744 776 2796 p.
796 2727 856 2781 288.
878 2756 910 2766 -
930 2727 994 2780 Hoo
1019 2727 1140 2780 nomine
1168 2742 1249 2781 eom·

178 2817 327 2870 munionis
345 2818 421 2869 russi
439 2818 514 2870 nihil
534 2817 616 2870 aliud
635 2816 777 2869 videntur
796 2816 972 2883 intelligere,
992 2817 1049 2868 nisi
1068 2816 1250 2884 religionem

179 2907 355 2976 originalem
376 2923 428 2961 seu
447 2905 550 2960 foedus
569 2906 647 2976 quod
667 2908 744 2959 inter
763 2907 860 2959 Deum
887 2910 917 2957 et
942 2905 1069 2972 primurn
1096 2904 1250 2958 hominem

178 2998 243 3065 ipsa
261 3002 372 3051 natura
391 2997 518 3051 existere
544 2996 654 3050 debuit.
693 2996 879 3064 Quapropter
904 2995 1001 3048 fusius
1027 2993 1063 3047 de
1089 2994 1147 3048 hae
1166 3009 1199 3048 re
1218 2996 1249 3048 in

177 3087 349 3155 Theologiis
369 3086 643 3140 fundamentalibus
663 3091 767 3153 agunt,
782 3100 850 3138 oum
869 3084 905 3136 de
925 3084 1070 3151 religione
1089 3085 1120 3136 in
1135 3098 1248 3152 genere

178 3190 275 3228 sermo
295 3180 346 3227 est.
385 3173 450 3227 Vid.
477 3173 608 3242 Manapill.
632 3173 762 3232 Bnenenie.
790 3173 944 3239 511-153
969 3171 1137 3237 Harsnrudli,
1159 3187 1205 3241 op.
1224 3188 1246 3225 o.

180 3268 195 3328 5
215 3264 497 3332 5—103Asryorms.
518 3279 563 3331 op.
583 3279 606 3317 e.
627 3267 642 3327 5
662 3263 745 3330 5-8;
765 3266 779 3326 5
800 3262 912 3316 17-18.
933 3261 1071 3329 Longum
1086 3266 1166 3315 esset
1185 3276 1248 3314 rus-

180 3370 278 3408 sorum
290 3355 455 3407 doctrinam
466 3353 503 3406 de
513 3354 568 3406 hac
580 3367 611 3405 re
621 3367 784 3421 exponere,
794 3357 933 3404 notamus
950 3349 1134 3404 solummodo
1149 3365 1248 3404 russos

179 3460 238 3497 non
257 3459 343 3497 nosse
362 3444 503 3496 videntur
522 3444 612 3496 aliam
639 3443 823 3510 religionem,
847 3440 930 3494 aliud
956 3440 1061 3493 foedus
1086 3441 1146 3494 nisi
1171 3439 1247 3493 illud

180 3532 258 3600 quod
273 3534 337 3602 ipsa
352 3538 463 3585 natura
476 3533 656 3600 impellente,
679 3535 790 3599 agente
805 3535 843 3594 et,
866 3534 901 3583 ut
915 3531 959 3582 ita
973 3528 1078 3597 dicam,
1098 3529 1247 3582 clamante

179 3624 258 3674 inter
276 3623 425 3674 hominem
445 3628 474 3675 et
494 3620 589 3674 Deum
610 3619 792 3674 intercedere
811 3620 906 3674 debet.
944 3618 1032 3671 Ratio
1058 3619 1138 3671 enim
1165 3619 1247 3671 illius

179 3712 305 3777 unionis,
326 3712 484 3779 ligaminis,
513 3711 728 3763 communionis
747 3717 870 3762 mutuae
889 3708 969 3761 inter
987 3708 1085 3760 Deum
1105 3717 1135 3760 et
1155 3707 1245 3760 borni·

179 3818 247 3855 nem
274 3817 312 3853 ex
335 3817 395 3854 una
414 3805 498 3869 parte
518 3800 630 3869 petitur
649 3815 687 3852 ex
701 3799 834 3866 imagine
855 3799 910 3854 Dei
929 3799 959 3850 in
978 3797 1098 3850 homine
1117 3797 1144 3848 h.
1166 3811 1189 3850 e.
1210 3811 1246 3850 ex

180 3890 242 3957 ipsa
269 3889 395 3942 hominis
421 3895 529 3942 natura
550 3889 687 3941 rationali
712 3903 787 3956 quae
807 3893 882 3941 tota:
911 3893 976 3941 tum
1004 3886 1157 3954 instinctu,
1182 3892 1245 3940 turn

179 3980 316 4032 omnibus
342 3979 537 4031 facultatibus
557 3979 653 4030 fertur
672 3977 709 4029 ad
730 3978 872 4030 unionem
891 3992 961 4029 eum
981 3977 1051 4044 Deo,
1072 3976 1110 4028 ad
1130 3977 1246 4041 foedus;
