2872 4666
608 306 657 380 ,Α
699 336 828 399 13-

291 552 320 614 2.
344 549 369 614 Ι.
394 549 494 614 Russi
518 555 589 614 tres
608 549 755 612 hominis
773 549 914 630 (pariter
932 555 967 614 et
986 549 1115 629 mundi)
1138 554 1251 614 status

177 656 411 738 distinguunt:
444 655 670 736 innocentiae,
703 656 762 738 qui
795 655 874 720 inde
897 674 918 719 a
942 656 1119 721 creatione
1143 674 1251 739 usque

178 764 229 827 ad
261 764 397 844 lapsum
431 762 578 826 hominis
612 764 764 844 duravit,
789 799 829 807 —
856 762 1000 844 gratiae,
1033 763 1092 845 qui
1121 762 1251 844 incepit

177 869 476 951 alapsuetsolum
487 868 785 934 consummatione
796 869 927 934 saeculi
939 868 1249 948 terminabitur)—

186 1040 397 1047 ..—

294 1135 311 1204 ¹)
331 1134 432 1190 Status
458 1149 530 1188 vero
554 1150 655 1188 eorum
675 1135 727 1202 qui
746 1139 816 1187 ante
835 1134 1120 1188 consummationem
1140 1135 1251 1187 saeculi

178 1244 199 1280 e
229 1226 291 1279 vita
323 1225 471 1278 decedunt
500 1225 541 1278 sic
569 1241 586 1279 a
613 1227 705 1278 russis
730 1224 917 1293 depingitur:
946 1225 1128 1294 simulatque
1164 1226 1251 1279 homo

179 1321 319 1369 mortuus
334 1318 386 1383 est,
401 1315 481 1368 subit
496 1314 640 1368 iudicium
656 1313 736 1382 quod
752 1314 929 1382 particulare
944 1320 1077 1367 vocatur.
1096 1313 1176 1367 Illud
1191 1330 1251 1368 non

181 1405 355 1460 immediate
373 1421 392 1458 a
410 1405 481 1471 Deo,
501 1404 552 1457 scd
572 1404 774 1458 mediantibus
795 1404 936 1472 malignis
955 1404 1109 1473 spiritibus
1127 1410 1162 1458 ut
1181 1405 1251 1458 Eius

178 1497 246 1548 irae
265 1499 296 1547 et
313 1494 398 1547 bonis
416 1499 451 1546 ut
470 1493 540 1546 Eius
559 1494 675 1560 gratiae
695 1493 838 1546 ministris
854 1496 1016 1547 exercetur.
1043 1493 1131 1547 Ratio
1149 1493 1251 1546 iudicii

182 1601 218 1639 ac
237 1583 342 1638 modus
368 1584 399 1636 in
425 1598 458 1637 eo
484 1584 626 1650 consistit,
656 1583 736 1651 quod
765 1583 866 1636 anima
893 1583 977 1637 varia
1006 1584 1113 1637 transit
1141 1584 1252 1637 telonia

176 1675 301 1744 (taltorta
324 1703 353 1711 --
373 1673 541 1740 nurapcrna),
560 1673 613 1725 ubi
632 1688 649 1725 a
669 1673 755 1726 malis
775 1672 928 1741 spiritibus
943 1672 980 1725 ob
995 1673 1073 1726 male
1092 1677 1177 1740 gesta
1193 1677 1251 1726 tor-

180 1768 303 1835 quetur,
323 1762 374 1815 sed
393 1763 505 1833 pariter
524 1767 554 1815 et
568 1778 585 1816 a
600 1763 685 1816 bonis
700 1763 853 1831 spiritibus
868 1762 1040 1815 defenditur
1055 1763 1091 1816 ob
1106 1777 1161 1816 sua
1174 1763 1250 1816 bona

179 1868 282 1923 opera.
317 1851 482 1905 Daemones
501 1857 635 1919 arguunt
655 1852 803 1905 hominem
823 1852 910 1919 eique
929 1852 1111 1920 exprobrant
1131 1856 1251 1919 peccata

179 1959 261 2019 quae
280 1943 440 2001 commisit;
458 1943 561 2009 angeli
580 1956 651 1995 vero
667 1942 794 2011 pcccatis
814 1944 967 2010 opponunt
981 1942 1057 1995 bona
1074 1956 1151 2009 quae
1166 1942 1252 1994 homo

183 2034 286 2102 gessit.
306 2030 414 2083 Anima
433 2033 588 2100 postquam
609 2031 681 2084 haec
701 2031 811 2084 telonia
831 2031 957 2097 transiit,
978 2030 1001 2082 si
1021 2031 1101 2084 iusta
1121 2035 1173 2096 est,
1202 2029 1250 2083 de·

183 2124 281 2175 fertur
299 2121 331 2172 in
349 2118 487 2172 Abrahae
507 2121 613 2182 sinum,
633 2120 658 2172 si
678 2120 835 2187 peccatrix,
855 2119 987 2171 mittitur
1005 2119 1037 2171 in
1056 2119 1250 2172 internum,—

179 2211 266 2274 Quae
285 2225 352 2262 cum
373 2209 450 2261 russi
469 2208 583 2276 docent,
603 2209 790 2277 potissimum
810 2225 831 2261 s.
851 2206 955 2277 Cyrilli
974 2208 1138 2262 Alexandri
1156 2209 1252 2278 «Λόγῳ

184 2301 240 2368 περὶ
264 2298 351 2359 ἐξόδου
371 2299 464 2368 ψυχῆς»
486 2302 516 2351 et
536 2299 595 2351 suis
615 2299 698 2351 libris
718 2298 866 2365 liturgicis
886 2299 1033 2351 nituntur.
1066 2297 1252 2351 Praecavent

184 2395 294 2455 tamen,
313 2402 351 2440 ne
370 2387 443 2442 haec
462 2388 572 2440 telonia
591 2388 678 2440 nimis
698 2388 869 2442 litteraliter
887 2394 1052 2440 sumantur.

294 2475 384 2529 Porro
409 2481 597 2544 peccatorum
616 2475 729 2545 duplex
748 2482 793 2529 est
812 2477 925 2529 classis:
952 2477 1046 2530 altera
1071 2491 1175 2529 eorum
1201 2477 1252 2545 qui

183 2567 248 2620 sine
267 2566 449 2634 poenitentia
468 2566 499 2619 in
519 2567 647 2635 peccatis
666 2567 727 2619 suis
747 2566 904 2634 decedunt,
930 2567 1025 2619 altera
1050 2581 1121 2620 vero
1146 2581 1249 2619 eorum

180 2671 259 2725 quos
278 2656 426 2723 poenituit
445 2655 566 2724 quidem
586 2660 773 2725 peccatorum
794 2671 924 2721 suorum,
952 2655 1002 2709 sed
1022 2656 1131 2724 quibus
1151 2657 1250 2725 poeni·

182 2747 297 2800 tentiae
316 2745 433 2798 fructus
452 2745 583 2798 ferrendi
603 2751 720 2814 tempus
738 2746 844 2798 defuit
865 2745 1034 2814 Utrique
1053 2746 1252 2814 affligun-

182 2840 249 2887 tur
268 2834 568 2902 patiunturquc3
595 2834 645 2886 sed
670 2849 737 2887 cum
763 2835 822 2886 illis
848 2835 931 2887 nulla
951 2849 1016 2902 spes
1036 2835 1141 2888 salutis
1162 2835 1249 2887 relin-

181 2925 297 2992 quitur,
316 2923 347 2975 hi
362 2928 485 2991 possunt
500 2939 517 2977 a
533 2924 634 2992 poenis
649 2925 787 2990 relevari,
806 2926 970 2978 immovero
986 2924 1103 2992 penitus
1118 2924 1252 2990 liberarit

180 3011 265 3082 quod
291 3012 327 3064 fit
350 3012 460 3066 bonis
486 3013 673 3081 operibus
702 3013 967 3081 precibusque
992 3014 1141 3080 vivorum,
1167 3028 1251 3081 prae·

183 3103 287 3157 sertim
307 3103 412 3156 missae
432 3103 587 3156 sacrificio.
610 3133 643 3140 -
663 3101 772 3156 Utrum
797 3102 853 3156 hae
877 3104 995 3157 animae
1021 3103 1057 3157 de
1081 3119 1135 3157 sua
1155 3105 1252 3157 salute

179 3197 214 3245 et
228 3191 404 3245 liberatione
419 3206 539 3245 securae
554 3193 621 3257 stnt,
638 3189 749 3244 necne?
767 3196 870 3245 utrum
885 3193 1021 3245 futurum
1038 3194 1084 3259 sit,
1100 3197 1135 3245 ut
1149 3207 1251 3246 omnes

182 3281 358 3348 liberentur,
376 3296 415 3333 an
435 3282 553 3348 aliquae
573 3280 766 3349 solummodo,
786 3282 863 3333 russi
883 3296 942 3333 non
961 3280 1109 3335 decidunt.
1134 3279 1250 3349 Simpli-

180 3371 260 3423 citer
278 3369 450 3423 aifirmatur
469 3371 511 3422 eis
530 3369 660 3437 relinqui
679 3384 760 3438 spem
781 3369 893 3436 salutis,
914 3383 963 3422 eas
983 3369 1102 3422 liberari
1122 3384 1250 3438 posse.—

179 3458 324 3514 Ccterum
344 3459 419 3512 sicut
438 3459 518 3525 iusti,
537 3464 640 3527 utpote
660 3460 712 3527 qui
731 3458 829 3511 adhuc
847 3458 994 3511 Ecclesiae
1019 3459 1176 3512 militantis
1196 3475 1249 3528 pu-

178 3549 252 3617 gnis
272 3547 401 3615 fatisque
421 3548 542 3600 tristitia
560 3547 644 3600 allici
665 3549 777 3616 possint
795 3552 861 3613 etc,
880 3562 939 3599 non
961 3547 1048 3614 plena
1066 3562 1164 3614 noque
1183 3563 1248 3616 per·

181 3639 262 3692 fecta
294 3636 480 3690 beatitudine
514 3638 665 3703 fruuntur,
698 3638 740 3690 ita
774 3651 871 3704 neque
899 3642 1066 3705 peccatores
1099 3639 1250 3703 integram

178 3727 382 3780 damnationis
409 3740 580 3779 mensuram
608 3727 767 3794 accipiunt.
802 3756 835 3763 -
863 3725 898 3778 ln
932 3725 1041 3778 iudicio
1078 3726 1251 3792 particulari

180 3817 302 3870 animae
326 3831 388 3868 sors
413 3830 472 3868 non
498 3817 528 3868 in
549 3820 713 3881 aeternum,
738 3815 789 3868 sed
808 3815 845 3869 ad
866 3801 983 3884 tempus
1003 3815 1185 3869 solummodo
1204 3815 1252 3868 de·

179 3905 507 3971 terminatur—usque
526 3903 564 3958 ad
583 3905 867 3958 consummationem
883 3905 1001 3971 saeculi.
1020 3903 1105 3957 Tunc
1123 3903 1252 3970 demum,

179 3998 217 4047 ui
236 3993 321 4047 docet
340 3990 455 4046 Confes.
475 3992 556 4046 Orth.
583 3994 688 4045 θέλουσι
714 3993 801 4063 adesir
825 3994 850 4044 αἱ
874 3995 949 4063 ψυχαὶ
970 3997 1027 4063 μαζι
1047 3994 1075 4063 μὲ
1095 3992 1125 4045 τὰ
1145 3992 1252 4063 σώματα
