2872 4666
564 748 867 815 APPENDIX
891 748 951 813 III.

403 985 505 1041 ORDO
523 985 685 1041 HOMINIS
704 986 759 1040 AD
781 985 963 1042 ULTlMUM
983 986 1110 1043 FlNEM.

333 1208 568 1276 Conclusfonis
606 1212 718 1276 instar
756 1213 878 1294 paucis
920 1213 1193 1295 complectimur,
1235 1215 1294 1297 qui

213 1292 398 1382 sellientia
428 1335 609 1383 russorum
640 1319 685 1384 sit
716 1319 799 1385 ordo
829 1319 932 1401 primi
964 1320 1111 1384 hominis
1139 1321 1185 1384 ad
1218 1323 1293 1386 ulti·

209 1397 322 1488 ¹11Um
345 1426 451 1490 finem
474 1430 509 1491 ct
532 1426 615 1509 quid
638 1427 800 1492 catholici
824 1427 867 1493 de
890 1428 958 1491 hac
983 1445 1021 1492 re
1044 1428 1219 1494 doceant?

197 1589 211 1649 s
331 1531 357 1601 Ι.
382 1535 410 1597 1.
435 1532 626 1597 Russorum
646 1533 817 1599 sententia
837 1533 932 1598 Deus
951 1534 1103 1598 creando
1121 1535 1294 1599 hominem

191 1613 309 1759 IJQit
329 1658 409 1704 eum
432 1639 478 1703 ad
500 1639 687 1722 imaginem
711 1658 810 1703 suam
832 1642 862 1703 h.
882 1658 910 1704 c.
929 1640 1051 1703 indidit
1074 1641 1105 1704 ei
1129 1644 1293 1705 naturam

218 1730 430 1813 &annalem
453 1751 559 1830 atque
582 1766 622 1812 eo
645 1748 718 1829 ipso
737 1748 886 1811 ostendit
900 1747 931 1812 ci
946 1748 1056 1811 altum
1071 1766 1173 1811 suum
1187 1749 1293 1812 finem

181 1815 289 2005 Qui
309 1857 361 1919 est
384 1855 563 1919 beatitudo
585 1855 682 1935 (vita)
704 1864 859 1925 aeterna,
883 1855 983 1920 cuius
1007 1873 1182 1919 summum
1206 1855 1293 1920 visio

262 1961 290 2024 ei
312 1961 450 2026 facialis
473 1966 534 2026 est.

331 2068 446 2151 Atque
471 2070 570 2131 homo
594 2069 726 2133 virtute
749 2068 841 2132 illius
860 2069 1022 2151 imaginis
1042 2071 1073 2132 h.
1093 2089 1120 2134 e.
1144 2074 1294 2133 naturae

177 2147 308 2248 Quae
331 2176 512 2262 rationalis
536 2181 627 2240 totus
660 2193 741 2239 oum
770 2177 929 2241 omnibus
962 2177 1033 2241 suis
1065 2176 1293 2259 facultatibus
1417 2186 1421 2196 '

181 2252 336 2348 fertur
359 2281 395 2345 in
418 2283 512 2347 hunc
535 2283 641 2346 finem
665 2300 776 2365 neque
800 2284 947 2365 quiescit
971 2284 1037 2347 nisi
1061 2303 1100 2348 eo
1123 2287 1293 2348 assecuto.

191 2362 361 2456 Pariter
384 2390 515 2454 virtute
537 2389 690 2455 eiusdem
715 2390 876 2470 imaginis
900 2390 1000 2454 homo
1032 2398 1085 2455 est
1117 2392 1293 2472 perfectus

187 2475 246 2565 li.
274 2516 305 2562 θ.
331 2496 407 2577 ipsa
431 2502 559 2561 natura
583 2499 855 2578 correspondens
875 2497 957 2561 huic
976 2498 1047 2575 fini,
1066 2499 1170 2579 plane
1189 2502 1293 2578 aptus

193 2607 262 2675 sid
291 2604 440 2669 eundem
464 2605 728 2686 assequendum,
752 2606 929 2686 praeditus
953 2604 1088 2669 viribus
1107 2606 1151 2668 ad
1170 2606 1204 2667 id
1224 2607 1292 2669 suf·

202 2711 432 2781 ticientibus.
1210 2728 1213 2737 ·

331 2819 362 2882 2.
386 2816 613 2901 Quamquam
635 2836 780 2883 «verum
799 2819 940 2902 quidem
954 2823 1007 2882 est
1024 2819 1198 2883 hominem
1216 2819 1293 2899 ipsa

209 2935 353 2994 natura
376 2943 450 3008 sua,
473 2944 513 2991 eo
536 2925 670 2990 scilicet
689 2926 779 3008 quod
798 2926 844 2990 ad
863 2926 1049 3008 imaginem
1069 2926 1134 2991 Dei
1152 2929 1293 2989 creatus

211 3036 321 3113 esset
354 3033 517 3096 habuisse
549 3032 695 3114 pignora
728 3037 762 3096 et
794 3034 980 3098 facultates
1013 3034 1058 3097 ad
1090 3033 1202 3096 vitam
1225 3033 1290 3098 dei·

215 3139 370 3205 similem
394 3144 428 3204 et
451 3139 730 3204 communionem
753 3158 834 3203 cum
858 3140 940 3220 Deo,
963 3142 1069 3204 fuisse
1093 3157 1291 3221 correspon-

215 3251 360 3314 dentem
384 3264 428 3311 ac
452 3247 683 3312 sufficientem
707 3265 768 3311 suo
790 3247 888 3328 fini»;
914 3254 1158 3312 verumtamen
1186 3248 1292 3312 «haec

218 3357 336 3435 imago
370 3371 480 3436 quam,
509 3355 610 3417 homo
642 3371 664 3417 a
689 3353 852 3419 Creatorc
884 3359 1080 3435 acceperat,
1113 3373 1194 3418 cum
1223 3371 1292 3416 non

219 3466 312 3526 esset
336 3459 402 3524 nisi
426 3464 548 3524 creata
571 3478 615 3524 ac
633 3461 743 3542 finita,
766 3460 867 3542 longe
886 3461 1038 3525 distabat
1051 3480 1073 3525 a
1088 3479 1150 3524 suo
1169 3459 1290 3524 Exem-

219 3567 320 3648 plari,
359 3568 450 3650 quod
488 3585 550 3648 per
587 3586 624 3632 se
661 3569 850 3633 subsistens
887 3572 993 3651 atque
1024 3569 1198 3633 infinitum
1231 3572 1292 3646 est,

222 3692 348 3755 nempe
372 3692 394 3737 a
419 3674 523 3738 Deo».
573 3673 815 3757 «Quapropter
846 3677 950 3758 plane
983 3695 1176 3759 congruum
1200 3677 1240 3754 (h.
1264 3696 1292 3742 e.

219 3782 394 3856 naturale)
422 3787 474 3846 cst
502 3783 640 3866 homini,
670 3786 708 3845 ut
736 3802 804 3846 non
834 3785 947 3848 subito
980 3803 1023 3849 ac
1056 3785 1208 3849 totaliter
1233 3786 1291 3848 sed

218 3888 349 3972 partim
373 3892 480 3972 atque
498 3890 672 3971 gradatim
692 3892 946 3974 appropinquet
966 3893 1166 3974 perfectioni
1185 3910 1291 3974 quam
