2872 4666
536 337 777 403 -167-

120 555 207 613 nem
221 556 255 616 et
269 551 456 616 arctiorem
474 555 580 634 atque
599 551 785 616 arctiorem
804 569 885 615 cum
905 551 953 616 Eo
967 551 1147 617 unionem*
1163 551 1191 629 ¹).

124 645 224 722 Haec
243 658 394 722 formula
412 657 540 740 optime
563 658 703 723 videtur
725 675 906 723 russorum
924 659 1032 746 menti
1055 657 1192 740 respon·

130 756 213 830 dere
230 778 265 831 et
284 765 390 847 ideae,
413 766 585 850 quamde
608 765 754 829 hominis
778 766 972 830 conditione
995 767 1059 830 sibi
1083 768 1192 832 finxe-

125 876 223 953 runt;
239 890 260 936 a
275 872 433 954 pluribus
446 873 539 938 enim
553 872 598 936 ad
613 873 761 937 verbum
770 872 951 953 repetitum
966 878 1018 937 est
1037 873 1113 938 vel
1126 873 1192 936 uti
1313 872 1315 877 ⁴

116 983 146 1030 Ο
162 973 382 1060 lassica²t
707 1045 710 1052 ,
1115 1032 1118 1041 .

230 1086 274 1151 Il.
299 1088 414 1169 Atque
448 1088 536 1152 haec
569 1092 623 1153 est
654 1087 813 1150 doctrina
845 1104 1024 1151 russorum
1057 1087 1100 1153 de
1127 1089 1192 1153 Dei

103 1194 343 1259 providentia
362 1211 447 1276 erga
466 1195 616 1276 primum
636 1194 818 1258 hominem.
842 1192 1014 1276 Sequitur,
1038 1197 1077 1257 ut
1099 1194 1192 1259 dica·

10 1370 13 1376 ,
93 1299 201 1366 1Ilus
225 1302 309 1384 quid
333 1302 376 1367 de
398 1320 519 1367 eorum
543 1303 703 1385 doctrina
727 1301 944 1366 sentiendum
968 1299 1033 1365 sit?

233 1412 261 1474 1.
287 1409 441 1474 Primum
474 1410 565 1492 quod
598 1410 711 1491 ipsum
747 1408 1017 1492 argumentandi
1054 1409 1192 1472 modum

79 1512 272 1612 {Spectat
291 1517 382 1582 russi
400 1517 492 1581 sicut
505 1535 587 1581 cum
606 1518 648 1583 de
672 1516 818 1580 hominis
837 1516 1065 1581 destinatione
1083 1520 1194 1598 agunt

70 1613 170 1681 sta
196 1631 235 1690 et
257 1624 315 1688 hic
347 1624 573 1704 contundunt,
606 1628 644 1687 ut
672 1624 721 1687 ita
744 1623 869 1706 dicam,
893 1624 1020 1687 librum
1043 1608 1192 1688 naturae

57 1725 202 1796 'Qum
228 1731 318 1795 libro
341 1731 576 1797 revelationis.
599 1731 734 1796 Etenim
753 1730 996 1796 necessitatem
1011 1730 1192 1812 providen-

59 1816 189 1903 tiae
213 1838 395 1904 deducunt
417 1856 462 1903 ex
486 1839 563 1920 ipsa
586 1839 762 1923 humanae
785 1843 942 1920 naturae,
975 1841 1013 1900 ut
1035 1839 1192 1916 naturae,

55 1940 328 2028 Q0nditione,
343 1947 530 2028 praecipue
548 1965 594 2012 ex
612 1946 806 2012 conditione
824 1948 1000 2011 humanae
1014 1945 1192 2025 libertatis,

61 2049 215 2122 quae
242 2056 360 2133 utpote
381 2053 532 2118 limitata
555 2054 712 2119 absolute
731 2055 861 2136 indiget
884 2053 1030 2135 provida
1050 2052 1114 2117 Dei
1138 2069 1192 2116 co-

50 2157 333 2231 Operatione.
378 2159 527 2224 Factum
560 2179 645 2226 vero
682 2161 922 2243 providentiae
958 2161 1111 2224 inferunt
1147 2176 1193 2224 ex

57 2247 198 2332 idea
238 2267 304 2332 Dei
336 2267 471 2333 infinite
503 2268 593 2351 boni,
626 2268 686 2351 qui
718 2269 916 2351 exigentiae
947 2273 1192 2332 creaturarum

57 2375 405 2456 Correspondenti
429 2376 605 2439 succurrit
628 2376 771 2440 ratione.
804 2375 994 2458 Hucusque
1022 2375 1109 2439 liber
1131 2391 1190 2437 na-

61 2472 233 2547 turae.
277 2479 365 2548 Cum
387 2486 504 2546 autem
529 2483 572 2547 de
594 2483 668 2565 ipso
691 2485 762 2546 iam
787 2482 990 2564 providendi
1014 2482 1112 2546 modo
1135 2481 1190 2546 de·

68 2579 341 2653 terminando
360 2591 486 2673 agitur,
509 2590 608 2669 russi,
633 2590 708 2654 loco
728 2594 767 2654 ut
785 2590 930 2654 ulterius
949 2590 1025 2654 sive
1044 2591 1191 2654 hominis

72 2696 289 2760 naturam
327 2696 557 2779 perquirendo
595 2697 670 2762 sive
702 2697 813 2762 ideam
847 2697 913 2761 Dei
945 2697 1079 2761 infinite
1112 2697 1191 2760 boni

83 2803 277 2868 naturali
292 2803 435 2868 rationis
451 2804 583 2869 lumine
597 2804 846 2889 considerando
866 2804 1064 2884 procedant,
1079 2808 1189 2867 trans-

89 2903 226 2973 iliunt
257 2911 303 2976 ad
328 2928 466 2975 sacram
491 2910 720 2993 Scripturam,
747 2911 792 2975 ad
815 2911 943 2974 librum
968 2911 1190 2975 revelationis

97 3020 229 3094 utque
261 3017 332 3082 iam
369 3017 443 3082 eius
475 3017 605 3082 lumine
637 3017 772 3082 suffulti
804 3017 1044 3099 determinant,
1076 3017 1190 3099 qualis

100 3118 229 3185 tuerit
246 3130 281 3191 et
298 3125 335 3188 in
354 3142 422 3208 quo
441 3124 635 3189 constiterit
648 3125 794 3206 provida
813 3124 874 3188 illa
893 3123 959 3187 Dei
977 3123 1192 3204 cooperatio?

103 3220 200 3301 Quo
224 3231 272 3315 iit,
305 3237 344 3296 ut
375 3250 495 3297 eorum
529 3232 722 3314 syllogismi
750 3235 899 3315 quatuor
923 3231 1087 3294 terminos
1111 3249 1188 3294 con·

103 3329 268 3405 timeant:

227 3448 258 3527 l)
292 3446 393 3512 Ratio
431 3447 532 3512 docet
568 3447 742 3512 hominem
779 3447 816 3511 vi
853 3448 1002 3509 naturae
1033 3444 1190 3508 absolute

92 3535 274 3625 ¹'fldigers
299 3554 446 3635 provida
470 3554 536 3618 Dei
558 3555 806 3636 cooperatione.
830 3552 937 3636 Atqui
960 3570 985 3616 s.
1008 3550 1192 3632 Scriptura

80 3703 336 3742 ..N-N...—

214 3816 251 3881 ¹)
271 3820 446 3889 ttnnsneerps,
467 3836 512 3889 op.
532 3835 556 3873 c.
577 3819 629 3889 ΙΙΙ,
650 3824 665 3886 5
684 3821 727 3887 56,
749 3836 775 3889 p.
794 3818 944 3874 406-407.

28 3955 86 4023 ‘²5
204 3902 252 3970 ⁸)
274 3906 450 3975 ramuscelli,
471 3924 515 3979 op.
535 3924 558 3963 c.
578 3909 615 3977 Il,
634 3926 690 3963 urs.
711 3910 752 3978 10,
772 3926 799 3979 p.
821 3910 885 3976 1253
906 3939 937 3945 -
957 3903 1124 3974 Hsrsnumil,
1144 3922 1189 3976 op.

115 3978 240 4058 34,
265 4010 291 4064 r·
310 3997 353 4066 34,
373 4014 400 4066 r.
420 3999 486 4066 ma
504 4003 534 4052 et
553 4000 614 4052 arn.
1184 4034 1186 4039 s
