2872 4666
528 336 768 403 ΗΔ-115-

90 544 280 634 tanquam
313 551 569 633 proprietatem*
594 552 792 618 naturalem
825 553 1056 634 considerant,
1087 572 1179 639 quae

102 672 148 722 ox
185 657 251 721 illa
278 657 469 741 harmonia,
501 675 592 742 quae
625 662 699 723 tum
732 659 942 726 intrinsecus
965 661 1000 724 in
1024 662 1097 743 ipso
1121 662 1178 726 ho·

106 765 203 828 mine
248 769 322 827 tum
358 766 577 831 extrinsecus
615 765 651 829 in
693 766 857 831 universo
898 768 1078 850 regnabat,
1120 786 1178 834 ex-

110 877 185 936 orta
206 875 268 946 est.
447 917 476 939 ,·
1042 902 1044 907 v

217 979 247 1045 9.
272 977 524 1063 Οοηοίηᾱίηιιιε,
557 989 648 1063 quae
680 981 723 1046 de
746 981 956 1063 perfectione
988 981 1092 1064 primi
1119 999 1179 1064 pa-

109 1085 218 1151 rentis
249 1089 325 1150 tum
356 1089 526 1169 quantum
558 1087 604 1153 ad
636 1088 791 1152 animam
822 1090 898 1152 tum
929 1093 1100 1171 quantum
1132 1089 1179 1152 ad

109 1207 237 1276 corpus
260 1194 492 1277 disseruimus,
515 1195 633 1260 verbis
652 1195 860 1261 Brackevic:
887 1195 1004 1262 «Haec
1023 1201 1104 1260 sunt
1122 1196 1179 1260 do-

109 1304 210 1365 cente
228 1318 254 1364 s.
274 1298 455 1382 Scriptura
482 1300 749 1384 praerogativae
766 1306 802 1368 et
820 1302 1048 1385 proprietates
1076 1301 1179 1385 primi

109 1406 266 1472 hominis.
288 1406 371 1472 Eius
394 1406 542 1473 conditio
566 1408 672 1490 igitur
695 1412 774 1473 erat
796 1408 884 1472 alta:
907 1408 1002 1474 altae
1024 1409 1099 1475 eius
1122 1409 1177 1474 de·

109 1515 286 1578 stinationi
308 1516 412 1597 plane
435 1516 740 1597 correspondebat;
776 1516 836 1581 sed
863 1516 1012 1580 multum
1045 1516 1178 1598 aberat,

110 1623 149 1684 nt
180 1622 336 1702 perfecta
368 1628 479 1702 esset3
517 1623 610 1686 solus
626 1664 628 1668 -
642 1619 760 1687 rerum
790 1639 874 1685 usus
897 1639 941 1686 ac
964 1621 1104 1704 propria
1127 1621 1175 1684 in-

109 1726 244 1792 dustria
266 1731 427 1810 poterant
449 1729 600 1811 primum
624 1731 798 1794 hominem
822 1731 867 1794 ad
887 1729 1052 1794 maiorem
1071 1731 1178 1812 atque

111 1833 276 1900 maiorem
299 1836 545 1916 perfectionem
568 1837 716 1901 ducere»
733 1835 762 1914 ¹).
808 1832 908 1915 Quod
940 1853 1021 1900 cum
1054 1835 1177 1916 paucis

110 1941 305 2023 exprimere
335 1943 467 2022 volunt,
504 1942 626 2009 dicunt
657 1944 843 2026 imaginem
877 1941 941 2007 Dei
974 1944 1009 2005 in
1041 1941 1178 2006 homine

109 2047 143 2111 in
175 2052 247 2112 toto
280 2067 341 2113 suo
373 2050 563 2133 splendore,
595 2050 852 2115 similitudinem
886 2049 1019 2113 nonnisi
1043 2049 1079 2113 in
1101 2066 1178 2131 ger·

109 2155 200 2220 mine
222 2155 337 2221 fuisse.

215 2261 258 2327 II.
284 2265 311 2327 1.
336 2261 415 2343 Qua
447 2264 483 2327 in
515 2280 554 2327 re
587 2264 637 2327 sic
671 2264 761 2327 russi
795 2261 1072 2345 argumentando
1100 2276 1177 2343 pro-

110 2369 246 2451 cedunt,
271 2372 308 2432 ut
331 2371 481 2450 primum
503 2375 538 2436 et
560 2371 800 2452 principaliter
818 2369 992 2434 hominem
1011 2368 1176 2450 prodiisse

108 2492 125 2537 e
142 2476 307 2540 manibus
327 2478 390 2542 Dei
410 2495 491 2544 cum
510 2480 721 2560 perfectione
739 2478 898 2541 absoluta
922 2494 966 2540 ac
990 2477 1177 2541 terminata

107 2582 265 2664 reiciant,
288 2588 362 2647 tum
385 2584 431 2648 ad
453 2585 650 2667 negandam
674 2602 811 2667 quoque
834 2601 969 2649 omnem
993 2582 1177 2647 scientiam

104 2692 135 2754 et
178 2691 350 2756 virtutem
391 2692 543 2757 infusam
584 2692 851 2774 progrediantur
891 2694 998 2772 atque
1039 2688 1177 2752 omnino

101 2808 245 2863 omnem
278 2799 522 2879 perfectionem
554 2799 701 2863 hominis
737 2797 922 2880 positivam
959 2795 1005 2860 ad
1042 2811 1177 2859 merum

93 2917 252 2981 germen
283 2905 467 2986 reducant;
503 2906 563 2970 sed
596 2904 699 2969 simul
731 2905 912 2968 affirmant
944 2901 1119 2966 hominem
1143 2903 1177 2963 et

88 3002 256 3080 liberum
288 3012 395 3078 fuisse
426 3014 470 3077 ab
502 3013 596 3076 omni
628 3013 766 3077 defectu
797 3010 1109 3092 impedimentoque
1142 3011 1177 3071 et

79 3119 247 3203 magnis
281 3120 416 3184 viribus
453 3138 650 3203 magnaque
691 3119 860 3183 facilitate
897 3117 1092 3198 praeditum
1128 3114 1176 3177 ad

74 3217 197 3295 istud
218 3243 362 3309 germen
380 3227 608 3292 excolendum
623 3226 934 3308 evolvendumque.
953 3221 1177 3303 Quapropter

67 3342 122 3402 et
151 3337 383 3415 argumenta,
406 3335 531 3417 quibus
555 3334 646 3398 russi
668 3333 715 3397 ad
738 3331 980 3396 stabiliendam
999 3345 1100 3393 suam
1120 3327 1177 3390 do-

63 3443 261 3510 ctrinam
283 3444 438 3520 utuntur,
469 3441 617 3523 duplicis
641 3443 723 3504 sunt
744 3438 893 3524 generis:
926 3437 1039 3502 altera
1072 3451 1176 3518 nega·

58 3541 191 3629 tiva,
216 3547 368 3628 positiva
390 3549 513 3613 altera.

214 3651 373 3734 Quorum
408 3655 539 3721 indoles
575 3659 615 3719 ut
652 3654 774 3720 melius
811 3654 939 3734 pateat,
980 3667 1096 3732 pauca
1134 3649 1178 3714 de

55 3763 275 3845 utrisque.
1158 3784 1160 3788 ³

218 3994 238 4061 ¹)
255 3993 435 4063 Bpemesnaa‚
455 4008 500 4062 op.
522 4008 546 4046 c.
566 3991 588 4060 Ι,
608 4007 635 4060 p.
656 3991 716 4046 197.
