2872 4666
592 314 833 380 —102-
1296 39 1358 445 N

282 528 406 612 ltaque
430 547 511 593 cum
536 528 700 593 catholici
723 528 759 591 in
783 528 894 611 primo
918 530 1056 594 bomine
1079 530 1274 594 eximiam

175 645 307 717 ponunt
331 636 521 716 scientiam,
545 634 635 699 russi
659 639 743 699 actu
766 636 900 700 nullam
918 637 951 700 ei
968 637 1138 718 tribuunt;
1162 639 1289 702 cmiii

174 743 338 807 catholici
367 742 469 825 primi
493 742 640 806 hominis
663 742 846 806 scientiam
868 761 888 806 e
910 742 977 808 Dei
1000 743 1170 810 infusione
1229 752 1300 803 :rs-

175 853 305 932 petunt,
337 849 428 913 russi
461 853 570 913 totam
603 850 762 932 propriae
796 850 942 913 hominis
966 851 1157 916 industriae
1269 846 1311 908 11·

175 976 243 1040 que
279 957 470 1021 inventioni
508 957 701 1021 adiuvante
738 956 810 1022 Deo
851 957 1103 1040 acquirendam
1144 953 1319 1022 re-in·

176 1068 290 1147 quunt
303 1063 330 1142 ¹).

283 1171 506 1253 Argumenta,
531 1176 664 1254 quanta
689 1171 802 1235 Adam
826 1172 951 1237 mentis
974 1173 1020 1253 vi,
1044 1172 1328 1254 [1611116511-

175 1282 249 1344 tate
268 1283 373 1361 atque
393 1279 585 1360 sagacitate
599 1278 712 1359 luerit,
733 1265 888 1343 afferunt
901 1281 1090 1362 praecipue
1103 1282 1327 1368 factu-nn,

174 1386 268 1469 quod
292 1385 430 1449 nomina
455 1385 665 1450 animalibus
690 1386 820 1451 indidit.
869 1386 971 1451 «Eius
995 1405 1102 1469 mens,
1136 1386 1325 1470 inq-uit

177 1493 359 1574 Rudakov,
396 1510 611 1575 quamquam
648 1493 801 1558 nondum
838 1499 916 1558 erat
949 1494 1103 1559 scientiis
1141 1495 1318 1588 dimas,

175 1605 294 1665 tamen
317 1617 398 1663 cum
423 1600 585 1665 claritate
608 1603 642 1665 et
664 1600 834 1666 facilitate
856 1619 921 1683 res,
954 1619 1045 1684 quae
1078 1619 1160 1666 enm
1183 1603 1311 1670 :rin

176 1707 403 1787 cumdabant,
427 1708 668 1791 cognoscebat,
692 1711 730 1771 ut
754 1711 851 1789 patet
874 1726 918 1772 ex
941 1726 990 1791 co,
1018 1708 1110 1791 quod
1135 1708 1299 1784 Adanu

177 1813 316 1876 nomina
342 1813 551 1877 animalibus
576 1814 756 1896 imposuit»
772 1813 802 1894 ¹).

285 1920 354 1987 Alii
386 1921 492 1985 etiam
525 1922 596 1984 alia
629 1922 675 1985 ad
707 1922 960 2005 depingendam
992 1922 1092 1986 Adae
1125 1924 1275 1993 ments

178 2028 408 2109 sagacitatem
440 2028 573 2092 addunt
604 2035 825 2112 argumenta3
862 2047 953 2113 quae
985 2030 1102 2094 omnia
1136 2026 1259 2094 Phila·

177 2138 268 2200 retes
293 2136 370 2216 plus
394 2136 555 2200 minusve
574 2138 621 2200 ita
641 2138 763 2219 paucis
783 2137 1037 2219 complectitur:
1063 2134 1132 2217 Qui
1146 2135 1250 2201 tuerit

179 2246 291 2306 status
315 2243 439 2308 mentis
464 2244 566 2325 primi
591 2245 737 2308 hominis
760 2245 883 2310 inferri
901 2248 1013 2326 potest
1031 2263 1140 2327 exeo,
1160 2245 1239 2327 quod

178 2349 236 2414 1116
260 2350 469 2413 animalibus
493 2351 633 2414 nomina
656 2352 827 2434 imposuit,
856 2351 948 2434 quod
972 2351 1127 2415 mulieris
1152 2351 1241 2434 origi·

179 2475 258 2520 nem
282 2457 466 2539 perspexit,
500 2459 590 2540 quod
623 2459 728 2523 etiam
763 2464 839 2540 post
867 2459 1006 2540 lapsum
1038 2457 1103 2523 Dei
1127 2476 1244 2524 vocem

178 2565 301 2629 audire
334 2569 477 2646 poterat.
524 2562 623 2645 Quod
657 2567 867 2629 animalibus
896 2565 1037 2629 nomina
1061 2566 1195 2647 indidit,
1215 2568 1249 2633 id

178 2675 296 2737 iacere
319 2691 388 2735 non
411 2673 586 2755 potuisset,
609 2674 673 2736 nisi
698 2677 801 2755 aptus
825 2678 923 2752 esset,
957 2674 1017 2756 qui
1040 2692 1096 2738 res
1119 2692 1251 2740 rerum·

178 2797 247 2861 que
271 2782 435 2843 naturam
459 2798 503 2843 ac
527 2781 756 2863 proprietates
780 2781 994 2862 perspiceret
1012 2789 1255 2862 cognosceret·

290 2994 310 3056 ¹)
328 2990 465 3046 Ceterum
494 2992 573 3061 quod
600 2993 755 3045 scientiam
782 2991 866 3045 Adae
895 2997 1019 3060 spectat.
1048 2993 1126 3046 russi
1157 2997 1261 3064 magis

179 3082 322 3149 negative
349 3082 526 3150 loquuntur:
553 3081 738 3135 excludendo
765 3097 882 3135 omnem
910 3082 1073 3136 scientiam.
1109 3079 1176 3136 Sub
1203 3084 1261 3140 hoc

181 3177 316 3241 respectu
341 3172 522 3240 conspicitur
550 3171 630 3240 apud
660 3186 709 3224 eos
738 3172 884 3241 quaedam
915 3172 1077 3240 vacillati0,
1106 3173 1262 3230 timiditas

181 3261 328 3328 quaedam
348 3277 436 3314 suum
457 3277 575 3315 sensum
602 3261 762 3328 aperiendi.
800 3259 926 3323 Quidam
952 3260 1095 3314 videntur
1120 3263 1263 3320 tribuere

181 3350 264 3404 Adae
293 3351 446 3404 scientiam
475 3351 635 3419 quandam,
664 3351 755 3403 etiam
784 3350 957 3404 adscribunt
987 3350 1153 3419 aliquando
1172 3351 1264 3410 Adae

181 3455 323 3507 magnam
343 3441 533 3508 sapientiam,
553 3441 662 3494 veluti:
681 3440 813 3509 Manapiil.
833 3440 938 3493 Boram.
958 3440 980 3506 I,
1000 3443 1015 3503 ἓ
1034 3440 1077 3506 84,
1096 3456 1124 3508 p.
1145 3442 1262 3509 4643-

181 3530 361 3596 spanorum,
371 3545 446 3598 opo.
458 3530 480 3598 l,
492 3547 517 3598 p.
531 3530 679 3584 195-196.
694 3530 834 3597 (innapors
842 3529 921 3597 1lepra
930 3543 1007 3598 ope.
1015 3528 1037 3597 l,
1049 3532 1065 3592 ξ
1081 3529 1144 3596 128,
1156 3547 1184 3599 p.
1197 3533 1263 3591 197,

182 3617 240 3672 Sed
267 3634 298 3670 re
323 3619 397 3671 benc
427 3624 581 3687 perspecta
608 3623 731 3686 apparet
758 3634 807 3672 cos
827 3633 945 3671 sumere
964 3619 1068 3671 'vocem
1088 3620 1264 3687 sapientiae

183 3722 272 3759 scnsu
290 3708 344 3759 alti
364 3712 462 3760 status
477 3709 593 3772 mentis
621 3722 710 3760 sensu
729 3708 875 3761 naturalis
901 3707 1009 3759 mentis
1034 3705 1119 3784 Adae
1145 3723 1263 3777 saga-

182 3797 331 3849 citatis.

291 3887 312 3950 2)
330 3888 475 3953 Pyuaaosn,
496 3887 527 3938 Α.
547 3887 577 3938 Η.
598 3887 682 3954 llpas.
701 3888 810 3953 [larnai.
827 3889 931 3940 lloroar.
947 3887 1012 3949 Han.
1028 3886 1052 3939 2.
1072 3885 1156 3940 CHB.
1180 3889 1265 3960 1894,

183 3977 369 4044 14111113.
