2872 4666
549 316 793 380 -137-

74 519 186 596 Sed
216 535 405 612 perspecta
429 548 609 594 russorum
643 530 802 594 doctrina
834 537 941 613 atque
975 531 1032 594 ubi
1065 547 1120 596 res
1144 549 1201 612 po-

71 637 286 701 Stulaoat
305 638 437 718 aposita
456 637 487 701 ei
507 637 690 718 catholiea,
714 654 840 718 operae
859 638 1009 719 pretium
1028 655 1103 703 esse
1122 656 1195 703 cen·

66 951 228 999 auctor
249 957 310 995 non
329 941 409 995 dicit.
430 939 460 996 Si
480 948 653 1009 quaeratur,
682 957 699 995 a
719 957 847 1010 quonam
869 943 948 996 hune
967 945 1130 997 veritatum
1150 960 1201 1013 ap·

68 1040 268 1097 paratum
295 1032 381 1083 homo
408 1029 582 1099 acceperit?
609 1033 687 1084 russi
716 1031 907 1100 respondent:
936 1048 953 1084 a
982 1031 1043 1085 Deo
1070 1033 1203 1101 provido,

66 1133 181 1176 eum
204 1121 240 1173 in
258 1119 394 1188 paradiso
414 1113 594 1173 educaretur
608 1119 833 1189 docereturque.
852 1120 1023 1184 Quomodo?
1041 1119 1127 1176 Certo
1141 1138 1201 1176 non

69 1208 288 1276 infusione,
308 1224 374 1262 cum
387 1208 459 1262 haee
470 1209 661 1276 impossibilis
672 1211 718 1276 sit,
734 1214 861 1262 naturae
876 1210 1025 1264 humanae
1039 1217 1203 1280 repugnem

66 1302 158 1356 sed
187 1313 281 1352 more
301 1298 438 1366 magistri
467 1297 548 1352 Deus
576 1299 724 1352 hominem
754 1300 856 1352 docuit
879 1300 1036 1353 excitando
1056 1285 1200 1370 experge-

66 1387 324 1456 faciendoque
340 1388 464 1441 eximias
480 1388 544 1440 eius
559 1389 734 1456 facultates:
746 1390 810 1441 sire
824 1403 890 1443 eum
906 1389 1066 1444 adduceret
1080 1389 1117 1443 ad
1132 1405 1201 1443 eum

66 1478 271 1534 animalia
290 1482 381 1545 atque
401 1477 438 1531 ad
459 1477 638 1546 imponenda
657 1479 778 1531 nomina
797 1493 864 1531 eum
884 1479 1035 1543 invitaret,
1055 1481 1117 1532 sive
1132 1495 1200 1533 eum

71 1571 127 1622 oi
155 1571 370 1638 praeceptum
390 1573 515 1634 poneret
530 1567 567 1619 ad
584 1568 648 1620 eius
663 1569 873 1621 conscientiam
888 1569 1054 1622 acuendam
1069 1573 1115 1636 (ut
1129 1585 1200 1623 non-

64 1659 195 1714 nulli
221 1654 367 1708 videntur
395 1655 535 1722 iudicare,
566 1664 640 1726 puta
666 1657 831 1721 Macarius).
865 1655 921 1711 Sed
948 1673 1017 1711 eum
1044 1658 1117 1711 haec
1141 1659 1201 1711 iam

60 1748 138 1803 ad
167 1744 403 1815 providentiam
424 1744 603 1812 referantur,
623 1745 659 1798 de
680 1745 759 1799 hisce
779 1750 888 1813 postea.

233 1833 343 1901 Itaque
363 1835 410 1886 hic
429 1834 573 1887 habemus
593 1850 702 1903 purum
732 1835 1048 1889 traditionalism
1058 1853 1122 1904 um,
1148 1838 1201 1904 qui

59 1929 137 1982 ad
168 1923 295 1994 placita
314 1923 446 1991 Bonaldi‚
468 1926 640 1992 praesertim
660 1941 731 1978 vcro
750 1925 878 1994 Bonetty
898 1926 1020 1979 aceedit.

235 2009 415 2066 Silvestrum
436 2014 525 2066 etiam
546 2014 598 2066 alii
624 2015 744 2083 quidam
771 2023 806 2067 ut
832 2016 994 2084 plurimum
1018 2015 1055 2068 ad
1075 2016 1200 2068 verbum

67 2105 283 2175 repetunt3
309 2110 396 2169 puta:
422 2102 600 2167 aneunerid,
621 2118 666 2172 op.
686 2120 709 2156 c.
731 2104 767 2171 Il,
793 2121 848 2156 ern.
872 2104 912 2172 10,
947 2121 972 2172 p.
994 2105 1147 2172 129-1333
1168 2135 1199 2143 -

71 2198 160 2250 113.
189 2191 366 2251 Hurunuuill.
387 2207 431 2260 op.
451 2207 474 2244 e.
496 2197 511 2256 ἕ
531 2193 574 2255 34,
600 2209 626 2260 p.
648 2194 802 2259 ree-1313
822 2225 855 2233 —
876 2194 1038 2261 demerent,
1067 2195 1199 2262 Pyreneu-

73 2303 175 2342 ersso
199 2299 243 2336 rer,
262 2280 376 2334 Oenone.
395 2282 532 2335 Borocroe.
559 2282 624 2339 ilar.
644 2284 661 2337 3
680 2283 795 2336 Merrae.
824 2285 902 2351 1894,
929 2285 1007 2349 §Q
1035 2301 1059 2352 p.
1080 2286 1202 2352 72-73;

76 2383 112 2443 g
139 2376 199 2440 45,
222 2387 253 2439 p.
275 2371 428 2439 lte-1473
448 2373 499 2440 qui
519 2379 622 2425 auctor
648 2380 793 2426 monstrat
819 2375 976 2440 hominem,
1003 2379 1106 2441 utpote
1132 2375 1199 2427 sub·

82 2463 270 2522 stantiam
291 2461 439 2514 limitat
450 2477 513 2528 am,
533 2478 592 2515 non
612 2463 742 2524 potuisse
762 2478 814 2531 per
829 2479 859 2515 se
874 2479 972 2531 neque
987 2464 1089 2516 evolvi
1104 2479 1200 2532 neque

92 2549 273 2626 progredi
293 2551 356 2603 sine
370 2551 471 2619 aliquo
490 2552 527 2602 in
538 2551 654 2604 fluxu
673 2559 853 2611 exterum
875 2554 936 2605 «cui
952 2553 1118 2606 evolutieni
1134 2553 1199 2605 effi·

91 2641 251 2700 ciendae
271 2655 366 2708 neque
386 2649 562 2693 naturam
584 2645 781 2694 externam
802 2642 965 2709 suffecisse,
992 2643 1103 2710 quippo
1123 2658 1200 2710 quae

101 2736 248 2786 mortua
267 2736 297 2780 et
315 2728 490 2781 indifferens
510 2731 638 2798 (proprie
656 2731 876 2798 «impersonalis
896 2762 927 2768 —
948 2733 1105 2796 oeamemaa)
1123 2736 1201 2783 esset

103 2833 224 2888 neque
246 2832 340 2884 capax
368 2818 405 2871 ad
433 2817 622 2870 excitandam
650 2824 680 2871 et
707 2819 903 2872 evolvendam
930 2820 960 2871 in
985 2820 1079 2873 altero
1105 2820 1198 2872 vitam

113 2907 314 2979 personalem
342 2907 370 2959 h.
396 2921 420 2959 e.
449 2907 589 2974 religioso
618 2909 786 2961 moralem».
825 2908 869 2960 Ex
897 2911 952 2962 hoc
979 2910 1070 2962 infert
1096 2915 1201 2962 auctor

115 2995 334 3053 necessitatem
354 2997 583 3050 interventionis
604 2997 659 3049 Del
680 3003 709 3050 et
729 2998 921 3052 revelationis
939 3002 965 3062 (5
980 3000 1022 3066 29,
1037 3015 1064 3066 p.
1079 2999 1200 3065 7243,

122 3086 193 3151 §10
213 3085 289 3148 etc).

234 3171 317 3234 Quod
337 3183 470 3227 nostram
491 3174 610 3242 quidem
632 3190 693 3227 rem
714 3181 836 3243 spectat,
864 3178 887 3228 si
913 3181 1101 3244 comparetur
1124 3178 1201 3229 ratio

123 3261 307 3333 procedendi
326 3260 465 3316 Silvestri
485 3270 515 3316 et
535 3279 638 3316 eorum
659 3265 711 3331 qui
731 3279 798 3317 eum
819 3269 988 3333 sequuntur
1007 3281 1074 3318 eum
1096 3267 1199 3318 eadem

126 3351 290 3406 Svietlovii
300 3357 329 3405 et
340 3353 585 3420 Roidestvenski,
596 3384 629 3390 —
641 3354 728 3406 alteri
743 3355 852 3407 alteros
867 3355 1039 3422 aliqualiter
1053 3356 1201 3424 complere

124 3442 277 3495 videntur.
297 3441 336 3494 Hi
355 3446 434 3496 enim
454 3444 562 3512 posito:
581 3443 780 3497 conditionem
801 3445 888 3513 primi
915 3445 1042 3497 hominis
1061 3455 1199 3514 respectu

125 3532 228 3585 habito
249 3531 439 3599 perfectionis
459 3533 617 3600 religiosae
637 3534 818 3601 moralisque
833 3535 924 3586 fuisse
939 3535 1040 3598 altam,
1060 3537 1114 3588 toti
1129 3541 1202 3587 sunt

126 3629 162 3675 ut
182 3619 324 3688 indicent,
344 3636 420 3689 quae
440 3622 531 3675 fuerit
550 3623 615 3674 eius
629 3623 773 3689 perfectio
789 3629 928 3689 respectu
948 3624 1049 3676 habito
1065 3625 1200 3676 culturae

125 3710 307 3774 materialia
319 3739 349 3748 -
361 3709 493 3764 Svietlov
509 3717 608 3764 autem
625 3713 749 3779 eiusque
764 3713 893 3764 asseclae
909 3718 1101 3781 praetereunt
1112 3713 1197 3764 silen-

124 3802 165 3854 tio
185 3801 263 3854 hane
284 3801 488 3867 quaestionem
515 3815 612 3869 neque
632 3801 705 3854 dant
725 3816 844 3870 operam
865 3803 921 3854 nisi
941 3808 975 3854 ut
994 3802 1200 3855 demonstrent

123 3892 256 3960 primum
277 3900 430 3957 parentem
452 3896 600 3958 quantum
619 3891 657 3943 ad
677 3891 890 3959 perfectionem
912 3891 1082 3958 religiosam
1103 3905 1197 3943 mora·

120 3983 244 4050 lemque
264 3994 324 4032 non
344 3979 433 4033 fuisse
454 3981 620 4033 conditione
641 3981 728 4047 plane
749 3980 826 4045 rudi,
846 3982 876 4032 in
897 3989 978 4034 statu
993 3981 1126 4034 barbaro.
