2872 4666
596 306 833 372 -140-

176 521 349 602 facialem,
381 537 464 601 ergo
487 520 533 584 ad
556 519 662 584 linem
686 521 1004 602 supernaturalem;
1036 539 1132 603 quae
1166 521 1263 584 ordi-

177 628 272 692 natio
296 645 318 690 a
342 627 524 692 catholicis
548 645 617 690 non
644 625 840 691 admittitur
864 627 930 690 nisi
952 627 988 690 in
1011 630 1108 692 statu
1134 628 1257 694 eleva-

176 735 287 816 tionis,
310 734 346 797 iu
370 738 465 799 statu
489 733 759 816 supernaturali.

282 843 313 907 «Ι
346 842 499 907 Tandem
532 859 748 924 quamquam
779 842 959 924 rationem,
991 859 1056 906 cur
1090 842 1186 907 russi
1221 842 1263 905 id

176 952 342 1031 lacerent,
374 949 513 1032 assequi
546 967 615 1013 non
647 950 829 1030 potuimus,
866 967 941 1015 rem
978 953 1096 1014 tamen
1134 951 1255 1031 ipsam

176 1061 338 1121 notamus
361 1075 453 1139 quae
472 1062 524 1121 est
543 1057 644 1121 haec:
668 1052 793 1121 Omnia
812 1075 1053 1140 quaecumque
1073 1057 1109 1120 in
1130 1075 1258 1122 eorum

177 1163 355 1246 theologiis
376 1163 542 1228 relatione
562 1162 627 1228 Dei
641 1161 816 1228 Creatoris
840 1165 885 1228 ad
904 1163 1054 1246 primum
1074 1164 1255 1228 hominem

176 1270 527 1352 comprehenduntur,
560 1275 748 1335 censentur
780 1288 856 1336 esse
888 1276 1062 1351 naturam,
1094 1270 1255 1336 debitum

178 1382 336 1459 naturae,
360 1379 537 1458 naturale3
557 1378 606 1440 ita
626 1381 664 1443 ut
684 1379 793 1462 homo,
816 1377 983 1461 quidquid
1006 1396 1028 1441 a
1053 1377 1127 1443 Deo
1148 1376 1252 1443 Orea-

178 1490 260 1568 tore,
292 1486 329 1549 in
353 1486 428 1566 ipsa
452 1486 638 1566 creatione,
671 1503 752 1550 cum
786 1490 929 1550 creatur
961 1485 1124 1566 accipere
1158 1485 1251 1550 dica-

177 1598 244 1674 tur,
277 1596 419 1674 putetur
451 1594 489 1656 vi
521 1611 565 1656 ac
598 1594 673 1658 iure
698 1598 847 1659 naturae
871 1610 955 1658 suae
979 1592 1121 1673 habere;
1160 1594 1251 1675 quod

176 1704 298 1782 aperte
321 1702 504 1767 affirmant
527 1698 695 1765 Silvester
717 1705 752 1765 et
776 1700 981 1765 Tichvinski
994 1700 1022 1778 ¹).

285 1806 379 1876 VIII.
404 1807 511 1873 Hisce
535 1808 750 1872 absolvimus
783 1812 891 1890 caput
923 1807 965 1873 de
993 1807 1163 1872 relatione
1188 1806 1256 1871 Dei

178 1914 352 1981 Creatoris
375 1933 460 1998 erga
485 1915 636 1996 primum
660 1916 842 1981 hominem.
931 1957 933 1962 -

285 2022 409 2104 Itaque
451 2027 489 2086 ut
531 2023 682 2086 vidimus
724 2022 819 2087 Deus
862 2013 1027 2088 Creator:
1072 2026 1099 2100 1)
1138 2021 1253 2103 posuit

177 2128 288 2211 primo
317 2129 447 2193 homini
472 2129 633 2193 ultimum
656 2130 761 2195 linem
786 2130 1035 2195 beatitudinem
1060 2134 1258 2206 aeternam

178 2237 278 2300 cuius
320 2255 494 2300 summum
537 2238 625 2301 visio
667 2237 732 2302 Dei
778 2238 869 2303 facie
915 2237 960 2301 ad
1002 2237 1129 2301 faciem
1177 2242 1231 2300 est
1246 2255 1258 2315 ;.

177 2345 209 2421 2)
227 2344 375 2408 ostendit
408 2361 545 2426 quoque
577 2343 684 2409 finem
717 2344 867 2417 medium
901 2361 962 2408 seu
990 2344 1086 2406 viam
1110 2361 1182 2426 qua
1208 2345 1255 2406 ad

179 2450 274 2517 illam
314 2451 563 2516 beatitudInem
601 2450 830 2533 gradiendum
866 2455 952 2530 erat,
984 2468 1075 2533 quae
1107 2454 1161 2514 est
1200 2451 1256 2514 sul

177 2558 329 2622 evolutio
362 2576 406 2621 ac
439 2575 645 2640 progressus
677 2558 890 2640 acquirendo
913 2558 1098 2622 veritatem
1122 2562 1159 2620 et
1182 2558 1256 2622 vir·

178 2670 310 2746 tutem;
353 2666 383 2743 3)
416 2666 509 2730 dedit
545 2666 651 2730 etiam
688 2669 853 2729 naturam
891 2665 994 2746 plane
1030 2667 1153 2745 aptam
1192 2683 1258 2729 seu

178 2772 473 2854 proportionatam
498 2773 595 2836 tanto
619 2772 689 2852 fini,
722 2772 858 2837 eximiis
882 2789 926 2835 ac
949 2771 1052 2853 plane
1075 2772 1258 2838 sufficien-

178 2880 270 2942 tibus
307 2897 391 2944 suae
429 2879 649 2943 destinationi
691 2881 934 2960 adimplendae
976 2878 1110 2942 viribus
1153 2898 1258 2961 prae·

176 2987 294 3049 dItam.
319 2987 434 3069 Atque
458 2987 686 3050 haecomnia
710 2987 832 3049 habuit
855 2986 956 3050 homo
985 2987 1021 3048 vi
1045 2990 1153 3067 atque
1178 2987 1266 3052 iure·

177 3102 334 3158 naturae.

284 3200 512 3264 Nihilominus
536 3202 654 3263 tamen
679 3201 789 3270 homo,
812 3200 948 3264 etlamsi
968 3201 1019 3264 sic
1038 3201 1194 3266 affectus
1218 3208 1255 3267 et

177 3306 384 3370 constitutus
398 3326 417 3371 e
433 3307 594 3370 manibus
612 3305 675 3371 Dei
694 3304 868 3370 Creatoris
889 3307 1080 3388 prodiisset,
1098 3307 1264 3373 destina--

177 3413 304 3477 tionem
328 3433 429 3478 suam
452 3414 643 3494 adimplere
667 3433 735 3476 non
759 3414 869 3495 potuit
903 3415 968 3478 sibi
1002 3415 1063 3478 soli
1095 3416 1265 3498 relictus,

176 3520 303 3602 quippe
335 3539 416 3584 cum
449 3521 533 3590 solis
562 3521 709 3601 propriis
733 3521 867 3585 viribus
891 3521 1125 3585 evolutionem
1152 3540 1259 3587 suam

287 3767 304 3828 ¹)
323 3764 497 3834 Cirtmnecrps,
518 3782 562 3833 op.
582 3781 605 3818 c.
626 3767 677 3835 ΙΙΙ,
698 3771 713 3829 5
732 3768 774 3834 58,
795 3784 821 3834 p.
841 3768 996 3834 415—4183
1018 3798 1049 3805 -
1070 3767 1266 3838 Tuxmmcnill,

177 3869 221 3923 op.
242 3870 264 3907 c.
286 3854 323 3922 ΙΙ,
342 3872 397 3907 unu.
421 3857 460 3922 10,
481 3871 507 3923 p.
530 3857 678 3910 lsi-129.
728 3870 740 3889 “
