2872 4666
552 326 793 392 -177—

188 551 192 557 ’
243 543 273 609 8.
300 540 425 626 Itaque
456 541 556 623 russi,
589 544 628 604 ut
659 540 820 620 vidimus,
853 557 936 604 cum
968 539 1205 605 rationalismo

69 636 348 733 indulgeant,
371 649 422 714 sic
442 649 569 731 ubique
588 647 789 730 procedunt,
813 651 852 710 ut
873 647 1043 729 imprimis
1062 648 1206 714 rationis

68 754 317 839 principia,
341 773 442 839 quae
456 754 532 820 sive
556 773 602 818 ex
625 755 801 818 humanae
828 757 979 820 naturae
1011 755 1206 820 conditione

69 858 212 930 sive
229 883 277 929 ex
294 864 371 929 idea
386 863 452 928 Dei
466 862 601 927 infinite
620 861 786 942 sapientis
800 865 836 926 et
848 861 929 925 boni
944 861 1130 945 deducunt,
1149 880 1203 945 po

70 979 221 1037 nant
245 975 352 1054 atque
374 970 424 1036 eis
447 970 558 1035 veluti
576 969 811 1033 fundamentis
831 968 1036 1038 innitantur..
1060 969 1204 1035 Verum·

68 1075 255 1145 tamen
279 1097 360 1144 cum
384 1095 498 1161 neque
522 1076 719 1159 sripturam
742 1094 884 1141 sacram
907 1094 1021 1159 neque
1039 1077 1206 1141 Traditio,-

70 1197 215 1250 nem
240 1187 346 1269 plane
369 1202 532 1267 spernere
555 1184 717 1264 audeant,
749 1200 871 1247 earum
896 1184 1091 1250 doctrinam
1115 1183 1207 1266 prin·

72 1290 236 1374 eipiis
261 1293 332 1357 suis
355 1292 616 1357 rationalistiois
634 1292 782 1355 ¹student
804 1291 1052 1371 accomodare:
1071 1292 1206 1356 revela·

74 1397 275 1484 tionem,
299 1401 327 1465 si
350 1401 400 1464 ita
423 1401 517 1483 loqui
540 1401 595 1464 fas
618 1409 680 1481 est,
703 1399 832 1481 ubique
850 1398 943 1463 intra
963 1399 1133 1463 ambitum
1154 1400 1208 1464 sui

75 1509 381 1573 rationalistici
404 1507 605 1589 systematis
629 1506 823 1570 intrudunt.
859 1505 913 1569 Ex
932 1523 1004 1589 quo
1028 1507 1117 1570 mira
1146 1507 1207 1571 illa

80 1626 221 1680 curn
249 1616 285 1679 in
308 1614 558 1696 terminologia,
591 1618 665 1677 tum
698 1613 734 1675 in
767 1613 926 1677 doctrina
959 1613 1115 1678 confusio
1149 1632 1207 1678 ex·

81 1723 265 1804 ori-tum
296 1723 345 1785 ita
379 1725 416 1786 ut
450 1727 485 1786 et
516 1722 561 1785 ad
595 1720 873 1802 cognoscendum
897 1720 1209 1803 exponendumque

85 1829 150 1886 et
190 1830 238 1894 ad
257 1826 518 1911 intelligendum
533 1826 871 1909 dimicandumque,
885 1828 968 1909 quid
983 1827 1033 1891 illi
1047 1829 1208 1911 sentiant,

86 1927 386 2001 difficillimum
409 1935 461 2000 sit.

211 2042 308 2132 „111.
335 2046 362 2107 i.
388 2043 465 2106 Post
488 2044 577 2108 haec
608 2060 700 2126 quac
732 2041 958 2106 disseruimus
982 2043 1207 2107 manifestum

95 2158 219 2215 esse
241 2168 432 2228 censemus,
453 2153 489 2213 in
512 2164 664 2232 quonam
682 2149 774 2213 russi
792 2147 960 2214 recedant
977 2147 1209 2233 acatholicis,

96 2267 225 2321 oum
246 2258 288 2323 de
311 2257 529 2340 providentia
554 2276 615 2323 seu
637 2257 752 2340 gratia
776 2257 878 2338 primi
897 2256 1044 2321 hominis
1063 2254 1217 2339 agatur?¹

101 2355 307 2446 Princeps
326 2365 532 2446 differentia,
556 2368 594 2427 ut
613 2368 717 2445 patet,
737 2365 772 2427 in
792 2382 831 2428 eo
851 2369 911 2441 est,
930 2365 1022 2446 quod
1036 2363 1128 2428 russi
1138 2383 1210 2429 >non

104 2477 275 2540 nonunt
288 2473 518 2537 elevationem
532 2471 679 2535 hominis
700 2472 736 2534 in
750 2474 880 2535 statum
897 2472 1209 2552 supernaturalem.

109 2566 270 2642 Eorum
303 2580 395 2642 enim
428 2583 583 2660 systema
616 2578 771 2642 excludit
803 2579 956 2660 gratiam
983 2578 1208 2642 sanctifican-

113 2677 217 2745 ietn
247 2685 470 2750 habitualem.
504 2684 582 2748 Hac
615 2685 798 2748 subtracta
821 2700 933 2767 neque
956 2684 999 2748 de
1022 2685 1211 2749 virtutibus

115 2777 264 2856 infusis
284 2810 396 2875 neque
414 2793 456 2856 de
471 2792 568 2861 donis
583 2791 732 2874 Spiritus
751 2791 864 2854 sancti
879 2809 991 2873 neque
1005 2791 1048 2855 de
1062 2791 1209 2856 scientia

115 2882 258 2964 itlfusa
281 2918 394 2965 sermo
412 2918 488 2967 esse
506 2905 626 2980 potest.
650 2899 765 2981 Atque
780 2899 848 2962 hac
862 2900 997 2963 ratione
1016 2900 1211 2964 totus'ordo

108 3002 429 3086 supernaturalis,
453 3006 488 3069 in
511 3024 615 3088 quem
638 3023 700 3068 nos
725 3005 874 3086 primum
898 3005 1072 3070 hominem
1095 3005 1212 3088 gratia

11 3156 18 3165 -
112 3107 388 3178 sanctificante
411 3113 588 3179 elevatum
612 3130 689 3177 esse
711 3112 895 3195 credimus,
919 3112 999 3177 ruit.

107 3291 359 3328 L
461 3265 465 3272 .

102 3433 316 3504 co&uitione
343 3450 461 3518 assequi
488 3451 546 3502 nisi
574 3464 609 3503 ea
629 3464 706 3518 quae
727 3449 862 3502 sensibus
882 3450 1036 3518 percipiat.
1073 3449 1130 3505 Sed
1151 3451 1211 3504 exi·

99 3513 253 3594 steritia
273 3538 338 3605 Dei,
358 3539 518 3591 existentia
532 3539 662 3615 animae,
679 3539 744 3591 eius
758 3539 970 3592 immortalitas
985 3545 1055 3593 sunt
1070 3541 1213 3593 veritates

95 3607 399 3695 ⁸}1121asensibiles.
433 3627 477 3680 Ex
496 3629 590 3681 altera
610 3633 711 3680 autem
731 3633 817 3698 parte
838 3628 944 3697 religio
963 3629 1027 3682 sinc
1046 3630 1088 3683 eis
1107 3630 1212 3699 impos-

88 3688 237 3817 gfbilis
258 3723 312 3772 est.
331 3716 410 3785 Ergo
429 3731 547 3770 necesse
568 3722 620 3783 est,
646 3723 680 3770 ut
708 3717 787 3770 Deus
814 3719 901 3772 hasce
929 3718 1073 3772 veritates
1101 3721 1213 3775 revela-

104 3784 225 3860 ¹011e
256 3808 353 3877 primo
381 3805 503 3861 homini.
526 3806 805 3873 communicaverit3
841 3822 907 3874 ugr.
937 3809 978 3860 sio
1006 3809 1213 3865 ratiocinatur:

80 3852 312 4039 {Iggnffin
342 3911 387 3964 ⁰1³·
416 3910 438 3948 ⁰·
470 3899 485 3960 t
515 3895 556 3962 ¹6,
586 3911 613 3963 n·
641 3895 689 3961 633
719 3926 750 3932 -
780 3894 856 3948 Vide
884 3910 974 3964 supra
1003 3911 1030 3965 p.
1059 3896 1214 3966 135-1373

177 4082 277 4126 utacturus
291 4096 382 4127 iussores.
1075 4076 1108 4128 12
