2872 4666
218 125 286 191 que,
320 108 388 172 nisi
422 126 477 173 res
501 108 653 173 erebus
681 107 878 173 discernere
901 112 1007 190 atque
1031 108 1179 190 propriis
1202 127 1282 174 con-

217 216 321 297 ceptis
342 233 498 298 congrua
517 216 675 280 invenire
694 215 834 278 nomina
853 214 1034 297 valuisset3
1056 217 1145 280 haec
1164 220 1282 282 autem

214 325 243 386 et
264 323 498 406 cognoscendi
521 322 765 405 iudicandique
783 322 857 386 vim
876 326 911 387 et
929 328 1077 388 naturae
1100 323 1282 388 scientiam

213 428 242 494 in
266 450 310 496 eo
340 434 553 512 supponunt;
584 430 645 494 illa
679 430 786 512 igitur
820 430 997 493 nominum
1029 431 1200 513 impositio
1231 434 1280 496 in·

208 536 356 603 dubium
379 542 432 602 est
454 538 699 603 documentum
724 537 822 603 Adae
845 538 1044 619 sapientiae.
1072 536 1190 619 «Quod
1210 558 1280 604 mu·

203 642 304 712 lieris
340 645 509 727 originem
542 645 676 728 attinet,
709 645 928 728 prosequitur
963 645 1166 728 PhilareteS,
1200 647 1282 730 quia

196 748 353 836 Moyses
385 771 454 816 non
486 752 570 817 dicit
602 752 777 816 Adamum
808 770 888 816 eam
920 752 1094 833 cognitam
1119 754 1282 819 habuisse

190 876 242 926 cx
261 860 498 942 inspiratione
513 859 641 942 divina,
661 859 877 942 relinquitur,
897 863 936 922 ut
950 859 1016 942 ille,
1035 861 1282 942 cumprimum

182 983 311 1034 suam
327 985 472 1032 uxorem
487 967 632 1048 aspexit,
651 966 909 1030 similitudinem
923 985 1067 1049 quoque,
1087 985 1178 1049 quae
1192 968 1282 1032 inter

180 1092 230 1143 se
259 1077 304 1142 et
330 1075 428 1138 illam
452 1075 690 1152 intercederet,
714 1075 930 1155 perspexerit
944 1077 1050 1156 atque
1064 1074 1190 1140 exinde
1208 1076 1282 1140 eius

177 1183 381 1264 originem
403 1181 570 1262 intulerit,
594 1182 721 1264 quippe
745 1199 826 1244 cum
849 1180 948 1244 illum
967 1181 1002 1244 in
1023 1182 1091 1245 hac
1110 1182 1281 1246 sententia

178 1296 227 1356 et
256 1308 319 1369 ea,
346 1306 452 1371 quam
484 1288 568 1353 vive
601 1288 855 1369 experiebatur,
888 1288 1068 1352 adiutricis
1092 1289 1282 1353 necessitas

181 1397 468 1463 confirmaret».
516 1393 616 1476 Quod
648 1396 809 1459 ultimum
832 1395 964 1477 attinet,
989 1395 1017 1458 si
1036 1395 1150 1459 Adam
1174 1395 1289 1461 etiam-

186 1508 284 1588 post
304 1504 445 1584 lapsum
465 1503 529 1568 Dei
548 1521 671 1568 vocem
690 1503 888 1567 discernere
906 1503 1025 1585 potuit,
1048 1503 1156 1566 multo
1170 1502 1282 1585 magis

190 1617 315 1678 antea
330 1609 360 1688 ¹).
401 1609 506 1674 Hisce
538 1612 643 1675 etiam
667 1610 738 1674 alia
762 1610 935 1692 quaedam
958 1609 1136 1673 Macarius
1166 1609 1281 1690 adicit,

197 1736 301 1804 quae
338 1720 504 1799 tanquam
541 1716 730 1782 attentione
767 1716 871 1798 digna
908 1719 1018 1780 notat:
1056 1719 1088 1794 a)
1115 1716 1281 1798 «nomina,

200 1844 301 1910 quae
334 1810 449 1888 'Adam
482 1824 654 1889 indiderat
676 1824 894 1905 animalibus,
927 1824 1023 1888 Deus
1046 1824 1280 1905 confirmavit,

205 1933 294 2017 quin
314 1931 524 2013 immutaret,
543 1950 625 2014 ergo
640 1934 679 1995 ut
697 1932 797 2013 bona,
820 1939 859 1994 ut
872 1949 923 2014 ea,
947 1949 1038 2014 quae
1061 1931 1280 1996 diversorum

206 2038 444 2104 animantium
480 2043 629 2103 naturae
667 2041 729 2102 aut
765 2040 889 2103 saltem
927 2038 1179 2120 principalibus
1203 2057 1279 2120 pro-

208 2145 419 2228 prietatibus
443 2147 760 2229 corresponderent,
784 2145 937 2228 agnovit,
970 2146 1002 2224 b)
1024 2146 1112 2209 haec
1137 2145 1279 2208 nomina

208 2253 327 2317 Adam
346 2251 480 2316 invenit
498 2253 625 2334 statim,
642 2253 700 2316 ubi
714 2253 865 2334 primum
884 2252 1051 2315 animalia
1069 2269 1160 2334 quae
1172 2253 1277 2315 nomi·

208 2358 329 2422 nanda
352 2361 454 2422 erant
476 2359 621 2441 aspexit,
644 2378 713 2423 non
736 2377 820 2424 vero
845 2363 1029 2441 postquam
1046 2359 1148 2442 longo
1167 2358 1280 2422 studio

207 2484 255 2530 ac
274 2466 457 2547 disciplina
475 2484 596 2531 eorum
619 2467 847 2549 proprietates
871 2469 1052 2530 assecutus
1076 2470 1146 2530 est»
1162 2464 1192 2543 ¹).

318 2571 387 2636 Alii
425 2577 542 2638 tamen
579 2574 667 2638 haec
704 2579 912 2656 argumenta
945 2574 1077 2638 reicere
1114 2571 1280 2636 videntur

207 2683 273 2742 aut
295 2679 422 2743 saltem
452 2681 520 2743 alio
544 2683 643 2745 modo
674 2680 958 2762 interpretantur,
991 2680 1089 2744 velut
1123 2677 1280 2743 Svietlov

207 2785 270 2867 qui
303 2790 342 2848 ut
373 2785 409 2849 in
442 2773 565 2852 ceteris
597 2787 646 2850 ita
678 2791 714 2852 et
740 2787 797 2851 hic
821 2788 914 2851 ultra
953 2804 1061 2869 quam
1097 2785 1158 2850 alii
1202 2803 1276 2866 pro·

207 2892 311 2957 cedit.
357 2892 391 2957 Is
429 2898 596 2976 tanquam
628 2898 808 2983 auctorem
831 2895 1072 2976 fautoremque
1096 2910 1180 2957 suae
1204 2911 1278 2956 sen-

319 3195 338 3265 l)
358 3196 497 3266 dnuapers
520 3198 603 3266 Ι10011.
630 3214 670 3264 op.
695 3214 715 3248 0.
741 3197 764 3262 I,
791 3201 806 3260 ἐ
834 3197 894 3264 128,
921 3211 947 3264 p.
976 3197 1128 3262 rsa-1973
1157 3197 1219 3248 fere
1239 3195 1277 3248 ad

206 3286 337 3339 verbum
366 3285 469 3340 eadem
498 3288 606 3356 repetit
634 3285 1190 3355 8001101101),ομ0.1,ρ.195-196;
1217 3284 1277 3337 rid.

205 3374 421 3444 Τ1110111Γο001.
440 3376 568 3444 nporoiep.
593 3376 684 3444 l'posn
709 3392 740 3428 no
760 3375 905 3444 IIpocrpan.
931 3373 1071 3443 Xpnmian.
1096 3373 1279 3440 liarnxnsucy.

206 3465 301 3519 21131.
323 3463 401 3532 CHB.
422 3465 500 3531 1889,
519 3465 541 3534 I,
560 3482 647 3534 yporrr,
667 3466 708 3534 17,
728 3481 756 3534 p.
777 3465 836 3519 180.

317 3556 339 3619 ²)
357 3554 488 3623 Manapin.
508 3555 612 3608 Berocr.
633 3554 654 3622 I,
674 3559 689 3619 ἓ
708 3555 751 3621 84,
771 3571 798 3623 p.
817 3555 878 3608 464.
