2872 4666
514 296 755 389 -159'5-

208 516 385 602 Quidquid
416 523 477 602 est,
515 519 692 586 Macarius
731 523 796 586 hoc
834 524 918 607 loco,
954 543 1172 609 quamquam

89 612 248 689 includit
266 626 360 691 hanc
382 628 534 708 gratiam
557 629 733 692 communi
758 630 822 693 Dei
847 632 1095 715 providentiae,
1120 637 1171 696 ta·

91 735 181 795 men
217 751 240 796 a
278 733 403 797 ceteris
436 735 673 815 providentiae
705 737 815 801 modis
848 755 927 801 eam
959 739 1174 822 distinguere

90 831 250 904 Videtur.
275 839 342 905 Sed
364 841 455 906 idem
479 842 658 907 Macarius
681 860 763 907 cum
793 844 837 908 de
859 844 1079 925 providentia
1104 845 1170 910 Dei

88 929 132 1000 in
167 964 297 1028 genere
329 949 420 1031 agit,
452 949 589 1031 gratiae
621 968 746 1013 nomen
779 950 997 1016 identificare
1030 951 1173 1017 videtur

85 1051 181 1116 Qum
205 1055 450 1134 providentiali
474 1056 538 1121 Dei
557 1056 799 1137 cooperatione
823 1059 1050 1138 generatim¹).
1073 1056 1170 1124 Oete·

79 1151 180 1223 rum
194 1179 277 1226 cum
292 1162 349 1227 ille
364 1164 566 1244 simpliciter
586 1163 750 1246 loquitur,
766 1182 835 1227 non
850 1164 971 1228 tribuit
994 1165 1168 1247 «gratiae»

71 1257 139 1318 et
161 1268 436 1349 «providentiae»
457 1270 522 1333 nisi
542 1271 711 1333 attributa
731 1272 947 1353 cooperandi,
965 1272 1173 1356 auxiliandi,

62 1360 329 1438 QQuiortandi.

145 1488 148 1495 '
210 1482 264 1548 De
300 1482 468 1549 Silvestre
504 1502 589 1549 vero
627 1489 661 1548 et
697 1485 873 1566 theologis,
910 1487 971 1568 qui
1007 1504 1087 1551 eum
1119 1505 1169 1553 se·

35 1559 104 1645 ‘l
118 1592 266 1672 uantur,
299 1591 436 1654 omnino
459 1596 593 1656 certum
618 1595 682 1656 est:
715 1593 765 1656 illi
799 1593 890 1656 sicut
921 1593 1046 1675 omnia,
1078 1588 1173 1676 quae

95 1695 270 1762 Qlatione
302 1699 367 1764 Dei
400 1697 573 1764 Crantoris
597 1718 681 1782 erga
706 1701 857 1781 primurn
882 1701 1054 1765 hominem
1078 1719 1169 1764 corn·

10 1755 109 1835 Q
122 1805 330 1888 rehendunt,
367 1809 505 1871 nomine
542 1810 690 1872 naturae
726 1807 923 1889 designant3
960 1809 1009 1870 ita
1046 1815 1082 1873 et
1117 1827 1173 1889 ea,

10 1861 193 1987 {uae
229 1912 397 1977 relatione
433 1914 497 1977 Dei
535 1915 671 1996 providi
708 1914 998 1995 complectuntur,
1032 1916 1170 1979 nomine

10 1969 239 2081 §retiae
279 2019 465 2100 appellant.
512 2020 615 2102 Apud
656 2018 865 2084 Silvestrum
906 2021 1174 2102 providentialis

10 2079 307 2207 X&Nooperatiq
340 2126 602 2207 providentialis
634 2127 727 2190 actio
761 2134 795 2191 et
823 2128 939 2209 gratia
963 2132 1045 2192 sunt
1067 2146 1167 2209 syno-

125 2248 220 2314 yma,
244 2233 292 2295 ita
317 2240 355 2296 ut
378 2235 573 2315 promiscue
597 2238 807 2316 usurpentur
819 2234 849 2313 ¹).
874 2235 1026 2299 Dubium
1045 2236 1170 2299 solum·

10 2319 316 2384 L

10 2429 206 2590 {trum
225 2446 329 2502 foedus
348 2448 494 2516 originale
513 2463 567 2500 seu
587 2449 762 2516 religionem
782 2448 959 2515 originalem
985 2432 1173 2516 quae'saepo

10 2532 52 2560 x,
171 2537 178 2548 ·
371 2539 377 2550 =
422 2538 427 2549 ·
509 2538 515 2549 ·
734 2538 739 2549 ·
787 2537 792 2549 ·
860 2537 865 2548 ·
1022 2538 1028 2548 ·
1094 2538 1099 2547 ·
1119 2552 1124 2564 ,
1149 2537 1155 2547 ·

10 2537 815 2694 Qtlh{llbltltlbtllhtllll?
826 2535 1169 2694 lhl.l³.⁰.³.fl.⁸.lt232

10 2686 116 2811 {i
127 2731 215 2785 quae
224 2716 416 2784 (quamquam
426 2715 588 2769 admodum
600 2717 675 2780 raro)
694 2715 741 2767 hic
757 2715 820 2767 illic
838 2713 887 2768 vel
907 2713 987 2782 apud
1007 2713 1169 2766 Macarium

10 2816 174 2876 &rga
202 2803 327 2872 Marapili
351 2804 478 2865 Baenonie
498 2810 513 2869 5
534 2805 575 2872 13,
595 2821 621 2873 p.
642 2805 688 2869 28)
709 2805 758 2857 vel
778 2804 869 2856 ctiam
888 2802 969 2871 apud
989 2802 1062 2880 alios
1081 2817 1167 2870 quos·

10 2873 168 2951 §lam
189 2893 345 2962 theologos
363 2897 440 2962 (vgr.
462 2895 577 2963 [lepores.
596 2895 692 2961 Pyrron.
705 2910 749 2946 ns
767 2892 864 2946 Obana.
884 2893 942 2945 Bor.
962 2908 989 2961 p.
1003 2892 1050 2955 48)
1069 2907 1168 2945 occur·

10 2965 178 3053 Nunt,
199 2999 260 3037 non
278 2989 347 3037 sunt
365 2984 596 3038 considerandae
615 2984 672 3036 nisi
691 2987 726 3036 ut
747 2982 895 3051 quaedam
922 2981 1065 3049 reliquiae
1091 2995 1173 3049 quae

10 3054 145 3130 Nel
168 3088 211 3126 ex
229 3088 266 3126 ss.
285 3074 420 3143 patribus
440 3075 488 3127 vel
508 3088 546 3126 ex
564 3073 695 3142 antiquis
714 3073 797 3125 libris
817 3071 987 3140 symbolicis
1004 3071 1037 3123 in
1056 3069 1168 3123 moder-

10 3148 169 3221 Qram
190 3177 343 3216 russorum
362 3162 543 3229 theologiam
564 3163 757 3230 irrepserunt.
786 3160 920 3213 Moderni
939 3159 1017 3212 enim
1037 3158 1170 3224 theologi

31 3232 272 3309 Quiusmodi
291 3252 495 3321 expressiones
514 3252 670 3320 proferunt
689 3250 776 3303 velut
802 3249 951 3315 inconscii,
978 3248 1049 3316 quin
1074 3246 1168 3314 expli-

36 3349 182 3408 went3
213 3355 308 3411 neque
333 3337 489 3410 proferunt
517 3341 592 3393 nisi
620 3356 698 3393 cum
728 3354 765 3392 ss.
785 3338 927 3390 Patres
954 3336 1015 3390 vel
1039 3335 1169 3388 libros

57 3429 332 3503 nymbolioos
351 3434 488 3498 tangunt.
526 3427 663 3483 Ceterum
690 3436 803 3481 certum
831 3431 876 3479 est
895 3424 1051 3478 modernos
1071 3437 1173 3476 russos.

55 3520 232 3592 gratiam
251 3518 434 3572 habitualem
460 3519 698 3572 sanctificantem
723 3516 952 3584 elevantemque
977 3527 1037 3565 non
1061 3526 1168 3579 cogno-

67 3625 190 3677 aecere,
211 3608 316 3662 saltem
335 3624 402 3661 cum
422 3608 458 3660 de
478 3613 560 3661 statu
579 3607 722 3674 originali
741 3606 911 3672 loquantur.

211 3697 231 3764 ¹)
249 3697 381 3766 Manapin.
400 3697 504 3749 Boroar.
520 3696 542 3764 Ι,
563 3700 578 3759 5
597 3696 640 3762 96,
660 3711 687 3763 p.
707 3695 759 3748 516
779 3709 820 3762 sq.

209 3789 232 3852 ¹)
251 3785 407 3854 Guuscmps,
427 3801 472 3854 op.
492 3801 515 3839 o.
535 3784 587 3852 III,
607 3788 622 3847 5
641 3785 683 3852 58,
704 3799 730 3852 p.
750 3781 1002 3848 lia—418300nf.
1022 3778 1061 3834 id.
1086 3784 1101 3844 5
1125 3781 1172 3848 57,

85 3888 131 3944 ]).
148 3877 214 3945 410;
241 3876 356 3946 pariter
381 3891 449 3929 cum
468 3874 505 3928 de
524 3874 641 3942 angelis
660 3874 791 3941 loquitur
820 3876 835 3936 5
860 3872 903 3938 53,
928 3886 956 3939 p.
981 3870 1035 3925 378
1060 3885 1114 3939 sq.;
1136 3899 1172 3910 -

67 3954 280 4033 Tiumusrsili,
300 3980 345 4033 op.
364 3979 387 4018 e.
408 3964 443 4029 ΙΙ,
464 3981 520 4017 urs.
541 3964 583 4032 10,
603 3979 629 4030 p.
646 3963 794 4017 rat-129.
