2872 4666
608 349 649 364 ,-.
689 263 761 378 ¹171
813 349 851 359 -

167 525 299 595 posito
329 545 444 592 nonne
476 535 512 592 et
544 527 608 593 Dei
642 525 816 591 Creatoris
848 527 939 591 aetio
974 527 1131 592 illusoria
1165 530 1264 608 esset,

169 639 231 693 ne
254 635 386 716 dicam,
409 633 561 715 puerilis.

295 740 423 823 Itaque
464 740 500 804 in
543 745 688 824 utroque
731 758 816 804 casu
858 741 980 805 eadem
1016 748 1069 806 est
1101 743 1264 815 ‚naturae

166 836 367 914 humanae
390 848 578 931 exigentia:
603 848 649 912 ibi
672 856 838 913 aeternae
865 847 1089 913 beatitudinis
1120 853 1154 912 et
1177 847 1262 929 apti·

163 946 320 1020 tudinis
353 955 399 1020 ad
431 957 587 1037 eandem,
620 955 677 1020 hio
711 954 902 1020 mediorum
939 957 984 1019 ad
1022 955 1119 1019 illam
1156 953 1262 1020 beati·

162 1053 353 1127 tudinem
388 1063 650 1145 assequendam.
676 1098 716 1108 ·-
742 1063 878 1126 Pariter
919 1063 954 1126 in
993 1067 1140 1145 utroque
1176 1079 1262 1126 casu

149 1167 313 1253 eadem
338 1169 403 1234 Dei
426 1170 563 1235 infinita
587 1169 758 1252 sapientia
782 1175 817 1234 et
840 1170 976 1234 bonitas
1001 1169 1149 1234 hominis
1177 1169 1260 1232 indi·

142 1279 328 1342 gennae
352 1277 540 1342 succurrit:
564 1279 612 1342 ibi
635 1278 791 1359 ponendo
815 1279 1079 1342 convenientem
1112 1280 1260 1341 naturae

136 1367 293 1448 finem
319 1401 366 1448 ao
388 1384 567 1466 largiendo
591 1385 821 1467 aptitudinem
845 1403 906 1450 sen
930 1385 1143 1449 sufficientes
1168 1383 1262 1448 vires

132 1482 219 1547 ad
253 1492 419 1572 eundem,
441 1491 498 1555 hic
521 1492 635 1556 dando
660 1492 782 1570 media,
805 1492 932 1575 quibus
955 1493 1013 1556 ille
1035 1492 1116 1556 linis
1136 1492 1262 1574 attingi

129 1589 309 1680 possit,
333 1615 394 1662 seu
417 1599 627 1680 praestando
651 1599 929 1681 cooperationem
948 1617 1048 1663 suam
1068 1598 1262 1680 providam.

114 1677 286 1770 Quae
311 1704 418 1786 igitur
441 1708 494 1771 est
516 1706 616 1789 ratio,
639 1723 704 1770 cur
727 1708 840 1788 potius
870 1707 959 1771 haec
987 1725 1095 1789 qnam
1115 1706 1176 1770 illa
1196 1706 1260 1772 Dei

117 1785 281 1876 dOna
307 1829 354 1875 ac
376 1811 546 1877 beneficia
571 1814 707 1878 nornine
730 1813 867 1895 gratiae
890 1811 1183 1896 designenturl¹l
1206 1812 1261 1877 Ex

98 1899 304 1985 altere
348 1923 448 2000 parte
483 1920 575 2002 quod
608 1920 694 1984 illud
726 1920 901 2002 epitheton
943 1921 1257 2002 «supernaturalis»

89 2006 321 2102 attinet,
346 2026 477 2106 pariter
500 2027 598 2091 nulla
622 2033 771 2109 apparet
799 2028 896 2110 ratio,
929 2047 994 2093 cur
1027 2028 1114 2091 illud
1147 2028 1260 2110 potius

185 2134 247 2198 ei
273 2133 468 2215 provisoris
491 2135 651 2200 relationi
675 2137 720 2200 ad
745 2135 928 2216 hominem,
955 2154 1062 2219 quarn
1087 2134 1260 2200 Creatoris

66 2213 349 2323 addatur,
382 2259 463 2305 cum
495 2243 530 2306 in
565 2248 711 2325 utroque
743 2261 829 2306 casu
859 2243 951 2307 actio
974 2243 1020 2306 ab
1043 2243 1162 2307 eodem
1186 2241 1259 2307 Deo

50 2318 308 2414 Q{wem
333 2349 468 2413 ratione
491 2350 658 2431 procedat
681 2355 787 2432 atque
811 2351 955 2414 eandem
984 2355 1185 2414 creaturam
1209 2368 1258 2414 se·

45 2423 129 2477 Q
143 2447 343 2520 undum
366 2455 511 2521 eandem
537 2457 708 2521 rationem
731 2457 925 2538 respiciat?

294 2563 325 2628 4.
350 2561 404 2626 Ex
426 2564 552 2646 quibus
581 2564 743 2646 efficitur,
777 2567 816 2626 nt
850 2564 911 2627 illa
943 2565 1171 2646 providentia,
1204 2582 1257 2628 co·

23 2634 117 2688 Q
130 2661 343 2737 nerano
357 2669 418 2755 illa
433 2671 579 2752 provida
595 2671 732 2753 proprie
748 2690 860 2754 neque
879 2673 994 2753 gratia
1009 2690 1122 2760 neque
1141 2689 1257 2752 super·

143 2776 360 2851 ¹⁶³¹·turalis
383 2777 451 2841 dici
473 2779 590 2859 possit.
614 2778 668 2842 Ex
693 2796 762 2842 una
788 2779 878 2842 enim
904 2782 1003 2860 parte
1028 2796 1097 2841 non
1120 2779 1258 2860 ponitur

25 2848 107 2908 Q
125 2876 295 2968 1ipra
328 2883 540 2966 exigentiam
563 2890 713 2950 naturae
737 2891 771 2950 et
795 2886 1033 2967 indigentiam
1067 2904 1112 2950 ex
1144 2887 1257 2950 altera
1341 2958 1342 2961 Ἴ

53 2973 401 3029 Χρᾷ

297 3079 317 3142 ¹)
335 3076 415 3140 Quae
429 3078 560 3133 diximus
574 3081 635 3132 vim
651 3095 736 3133 suam
751 3081 882 3134 retinent
898 3082 987 3135 etiam
1003 3087 1139 3150 respect-u
1154 3096 1257 3134 eorum

52 3143 363 3235 affluentiae,
390 3168 440 3236 qui
459 3183 567 3222 nomen
592 3169 709 3237 gratiae
733 3171 917 3238 restringere
942 3171 1084 3223 videntur
1102 3171 1140 3223 ad
1159 3171 1255 3239 provi-

136 3257 256 3310 εἰη
277 3256 360 3309 illam
380 3256 435 3310 Dei
455 3259 700 3326 cooperationem,
721 3274 798 3327 quae
819 3260 987 3327 specialiter
1006 3259 1132 3313 hominis
1151 3259 1257 3312 volun·

85 3320 281 3398 lat-‚em
300 3346 449 3400 confortat
467 3351 559 3416 atque
578 3349 669 3414 iuvat,
689 3353 722 3400 ut
737 3347 865 3416 Manapin.
880 3349 985 3402 Beroen.
1000 3349 1022 3416 l,
1039 3353 1054 3412 ἓ
1069 3348 1112 3415 85,
1127 3365 1153 3416 p.
1169 3348 1256 3402 468-

101 3411 249 3514 ffssss.
268 3432 344 3488 Nam
365 3436 442 3489 sicut
461 3436 513 3488 alii
531 3439 700 3504 generatim
720 3453 758 3490 ex
777 3438 925 3491 hnmanae
944 3442 1068 3491 naturae
1089 3439 1256 3492 conditione

117 3511 213 3570 *a
249 3523 395 3578 Macarius
420 3540 458 3578 ex
476 3526 607 3579 naturali
633 3527 782 3580 humanae
808 3528 973 3581 voluntatis
998 3530 1180 3597 proprietate
1207 3543 1256 3581 ne·

128 3609 356 3666 cessitatem
375 3615 492 3682 gratiae
511 3615 643 3668 deducit:
663 3631 753 3669 exeo
775 3631 880 3684 nempe
901 3617 980 3684 quod
999 3618 1140 3670 voluntas
1155 3621 1257 3670 nostra

139 3700 299 3755 natura
317 3717 374 3760 sua
392 3703 519 3758 limitata
539 3704 577 3757 sit
596 3720 631 3758 ac
650 3705 778 3759 delicere
799 3708 900 3773 possit,
927 3707 1006 3774 quod
1033 3706 1186 3774 nequead
1206 3707 1257 3759 eli·

148 3787 321 3844 gelidum
339 3791 451 3845 bonum
471 3797 501 3845 et
521 3793 632 3847 malum
653 3800 724 3862 apta
742 3796 789 3847 sit.
820 3794 947 3848 Eaedem
974 3795 1085 3849 scilicet
1111 3795 1149 3848 ab
1168 3796 1256 3849 utris·

147 3881 250 3935 lue
266 3881 394 3947 tationes
413 3886 565 3951 ponuntur
583 3898 651 3936 cum
671 3885 725 3937 hoc
744 3883 921 3953 discrimine,
942 3885 1021 3952 quod
1041 3884 1187 3938 Macarius
1207 3900 1256 3938 eas

153 3965 343 4024 speciatim
362 3970 400 4024 ad
420 3971 608 4027 voluntatem
628 3974 791 4041 restringit.
