2872 4666
588 337 830 402 -128-

175 549 236 617 sed
266 550 343 631 ipsa
366 550 442 629 ejus
464 550 636 631 perfectio,
661 554 739 616 erat
770 551 806 613 in
835 550 993 632 germine
1021 552 1261 636 solummodo,

175 659 211 721 in
242 657 405 739 potentia.
450 654 672 740 Quapropter
703 659 794 722 russi
827 659 940 740 magis
970 658 1037 722 sibi
1073 663 1259 744 constant,

177 782 259 830 cum
282 769 413 828 statum
436 764 540 846 primi
558 765 717 846 ‚parentis
751 766 816 830 sub
839 766 906 830 hoc
929 768 1091 848 respectu
1117 771 1259 831 vocant
1283 829 1285 832 ,

177 873 309 934 statum
333 871 540 936 evolutionis
562 888 624 936 seu
648 869 700 936 sui
724 871 953 954 perfectionis,
977 875 1111 937 statum
1136 873 1257 955 rapidi

177 995 380 1072 progressus
393 976 422 1056 ¹).

283 1085 313 1148 3.
337 1088 368 1162 c)
392 1084 456 1150 Ille
474 1085 675 1166 appellatur
698 1089 810 1149 status
844 1085 939 1151 «sinc
971 1090 1139 1168 peccato»
1176 1091 1256 1149 ἀνα-

176 1193 354 1278 papa-qaia.
400 1193 476 1256 Non
500 1211 603 1259 sensu
627 1193 786 1275 positivo:
819 1194 968 1259 eximiae
991 1195 1194 1260 sanctitatis
1219 1199 1256 1261 et

176 1296 327 1381 virtutis,
352 1306 390 1363 ut
408 1299 572 1364 catholici
591 1299 729 1379 docent;
752 1300 812 1364 sed
831 1318 935 1365 sensu
953 1317 1048 1366 mere
1066 1302 1252 1384 negativo:

178 1407 356 1471 carentiae
380 1407 514 1488 culpae.
560 1404 783 1488 Quapropter
805 1424 887 1471 cum
910 1407 1075 1472 catholici
1098 1409 1252 1492 theologi

177 1520 320 1578 movent
361 1515 618 1596 quaestionem,
659 1513 871 1594 «potueritne
907 1532 1001 1594 osse,
1038 1517 1077 1577 ut
1115 1515 1251 1596 primus

178 1619 279 1683 homo
302 1620 535 1685 committeret
557 1619 689 1703 aliquid
711 1620 803 1703 quod
826 1629 917 1684 esset
939 1620 981 1685 de
1004 1639 1042 1684 se
1060 1625 1249 1702 peccatum

178 1726 318 1792 veniale
340 1733 530 1810 antequam
554 1727 789 1808 integritatem
812 1727 914 1808 primi
938 1730 1052 1791 status
1071 1728 1249 1794 amitteret

178 1834 357 1916 peccando
380 1833 591 1898 mortaliter»
606 1831 636 1912 ἢ,
669 1834 759 1898 russi
781 1836 964 1916 quaerunt,
997 1835 1248 1918 cognoveritne

178 1940 292 2005 Adam
315 1939 398 2022 quid
423 1941 549 2004 bonum
573 1945 664 2006 esset
686 1945 722 2005 et
744 1941 826 2023 quid
849 1939 982 2004 malum
994 1939 1025 2020 ⁸).
1071 1939 1160 2006 Cum
1183 1943 1247 2006 suh

178 2048 244 2112 hoc
266 2051 428 2129 respectu
452 2046 682 2129 considerant,
705 2047 796 2112 russi
814 2047 1003 2130 aliquando
1021 2051 1156 2113 statum
1174 2066 1249 2131 pro·

178 2159 400 2236 toparentum
424 2159 554 2219 vocant
577 2158 708 2218 statum
731 2155 943 2220 nescientiae
966 2156 1059 2220 mali.
1110 2155 1248 2221 «Status

180 2262 246 2344 ille,
274 2263 387 2345 inquit
411 2261 585 2342 Silvester,
623 2269 700 2327 erat
736 2263 849 2344 potius
886 2266 999 2326 status
1036 2264 1250 2329 nescientiae

178 2369 324 2450 peccati,
349 2387 441 2452 quae
460 2370 571 2451 primo
590 2372 743 2450 tempore
762 2368 892 2433 homini
911 2369 1083 2433 naturalis
1108 2374 1205 2434 erat»
1219 2370 1251 2451 ⁴).

284 2477 314 2539 4.
338 2477 371 2555 d)
393 2475 600 2541 Nominatur
623 2481 736 2540 status
754 2476 971 2540 rectitudinis
989 2479 1162 2558 (upasora).
1186 2477 1250 2542 No·

181 2584 326 2647 tandum
367 2588 420 2649 est
461 2602 579 2648 russos
620 2583 963 2665 distinguere-inter
1004 2583 1251 2649 rectitudinem

180 2694 338 2772 (npasom)
351 2697 386 2755 et
400 2691 567 2756 iustitiam
582 2691 823 2774 (upaaenuocrs).
848 2688 965 2755 Solam
978 2689 1078 2754 illam
1091 2691 1254 2758 tribuunt

179 2796 322 2877 homini;
345 2797 438 2862 hanc
461 2796 714 2880 acquirendam
736 2797 946 2878 relinquunt.
1224 2882 1227 2886 ι

285 2903 416 2968 Vocem
452 2921 537 2969 vero
574 2903 790 2968 rectitudinis
826 2921 895 2966 non
933 2919 1037 2966 sensu
1080 2903 1253 2984 positivae

181 3011 322 3076 virtutis
355 3016 505 3094 sumunt,
538 3012 598 3075 sed
630 3012 741 3093 magis
765 3009 941 3093 negative:
966 3013 1005 3073 ut
1020 3010 1158 3074 honam
1183 3030 1255 3076 mo·

178 3119 306 3182 ralium
325 3119 454 3184 virium
473 3118 727 3200 dispositionem
746 3118 792 3181 ad
807 3117 974 3182 virtutem
988 3116 1256 3201 acquirendam,

180 3230 219 3289 ut
240 3226 501 3292 inclinationem
524 3226 560 3290 in
585 3223 754 3303 bonum5).

285 3333 315 3399 5.
340 3337 369 3412 e)
394 3331 514 3398 Status
537 3332 759 3414 integritatis3
791 3348 882 3414 quas
905 3347 977 3395 vox
1001 3330 1155 3395 sumitur
1179 3334 1258 3397 tum

180 3441 356 3524 negative:
389 3459 493 3507 sensu
525 3440 753 3504 immunitatis
785 3442 820 3503 et
851 3456 873 3502 a
906 3436 1199 3518 concupiscentia
1222 3443 1260 3506 et

288 3636 307 3700 ¹)
326 3632 494 3699 Humnnniii,
515 3648 560 3702 op.
579 3648 603 3686 c.
624 3637 639 3697 5
658 3633 701 3698 34,
721 3648 748 3700 p.
769 3631 833 3699 1293
853 3631 962 3685 etalii.

184 3792 187 3796 Ι
287 3727 308 3790 ²)
328 3721 356 3777 S.
376 3723 500 3777 Thomas
520 3725 544 3792 1,
563 3723 589 3791 2,
609 3739 636 3791 q.
655 3723 698 3791 89,
719 3737 745 3776 a.
764 3722 789 3776 3.

287 3816 309 3877 ⁸)
327 3812 472 3878 Opinione,
493 3828 538 3882 op.
558 3828 581 3866 c.
601 3811 639 3879 Il,
661 3816 676 3876 ἓ
696 3812 738 3880 39,
757 3827 785 3880 p.
805 3811 920 3865 56-57.

286 3902 309 3969 ⁴)
328 3902 505 3970 Caussarum,
526 3917 571 3970 op.
591 3917 615 3955 c.
634 3901 687 3969 ΙΙΙ,
708 3903 723 3965 5
742 3901 786 3967 57,
805 3916 832 3969 p.
851 3899 914 3955 414.

330 3991 468 4060 hanapum
485 3990 567 4058 qepu.
588 4005 633 4058 op.
652 4004 676 4042 c.
695 3989 718 4058 Ι,
738 3992 753 4052 5
772 3988 833 4055 129,
852 4005 880 4057 p.
900 3988 966 4057 1983
985 3992 1015 4041 et
1029 3986 1089 4040 alil.
