2872 4666
625 315 865 381 -138-

211 549 327 597 semus
351 531 476 594 saltem
495 531 618 611 paucis
642 529 884 613 perstringere,
907 530 943 593 in
966 548 1120 612 quonam
1145 530 1295 612 utrique

209 640 471 704 consentiamus
494 638 553 702 vel
576 637 850 701 dissentiamus?

321 749 348 810 1.
374 747 527 810 Primum
560 746 651 828 quod
684 745 886 809 relationem
920 744 1020 825 primi
1053 746 1206 809 hominis
1245 747 1294 808 ad

210 873 312 920 suam
331 854 441 917 altam
461 853 724 917 destinationem
744 853 876 932 attinet,
901 852 1039 935 utrique
1057 853 1293 916 affirmamus

211 962 309 1025 illum
333 961 439 1026 fuisse
462 965 584 1042 aptum
607 961 652 1025 ad
677 978 778 1023 suum
801 957 907 1024 finem
926 960 1194 1042 assequendum.
1219 958 1290 1024 Sed

210 1068 314 1133 aliter
347 1067 438 1131 russi
471 1068 563 1132 hanc
587 1066 815 1149 aptitudinem
838 1065 941 1132 aliter
965 1084 1026 1129 nos
1049 1066 1292 1147 intelligimus.

211 1176 247 1243 Si
271 1176 344 1240 sola
369 1176 515 1239 hominis
539 1180 668 1238 natura
700 1177 886 1255 spectetur,
918 1192 979 1237 nos
1012 1192 1080 1237 non
1113 1174 1291 1237 sumimus

212 1284 304 1347 hanc
327 1282 557 1362 aptitudinem
580 1282 646 1345 nisi
671 1282 834 1363 negative
857 1281 889 1344 h.
912 1299 940 1345 e.
959 1298 1063 1345 sensu
1082 1298 1203 1344 merae
1217 1299 1289 1344 non

212 1390 474 1472 repugnantiae,
509 1394 547 1453 ut
570 1390 670 1453 homo
702 1388 818 1471 gratia
841 1388 886 1451 ad
909 1388 1079 1452 visionem
1104 1387 1169 1452 Dei
1194 1406 1288 1453 asse·

210 1500 385 1582 quendam
414 1498 586 1575 elevetur;
618 1497 709 1560 russi
740 1495 969 1577 aptitudinem
1003 1497 1146 1560 sumunt
1179 1497 1286 1560 etiam

212 1605 359 1686 positive
384 1641 424 1649 -
450 1622 554 1668 sensu
577 1602 817 1684 sufficientiae,
849 1600 1187 1684 correspondentiae,
1219 1603 1285 1666 dis·

211 1712 386 1794 positionis
410 1713 595 1793 perfectae,
624 1710 846 1792 possessionis
869 1710 1007 1774 virium.
1054 1709 1171 1774 Verbo
1204 1728 1284 1775 cum

210 1819 375 1883 catholici
409 1836 476 1881 non
509 1818 667 1880 tribuunt
699 1824 848 1901 naturae
871 1818 1047 1881 humanae
1070 1820 1110 1879 ut
1132 1821 1283 1880 naturae

212 1927 276 1990 nisi
311 1925 499 2006 potentiam
524 1923 787 1989 obedientialem
811 1923 856 1987 ad
880 1925 1049 1987 visionem
1073 1923 1284 2001 beatificam,

211 2033 303 2096 russi
335 2032 440 2096 etiam
466 2033 672 2096 naturalem.
718 2028 893 2109 Quocirca
930 2047 1012 2094 cum
1050 2047 1111 2093 nos
1149 2029 1285 2112 gratiae

212 2139 401 2204 habitualis
429 2139 683 2203 sanctificantis
703 2139 944 2203 necessitatem
963 2137 1195 2218 affirmamus,
1214 2155 1284 2219 qua

212 2247 313 2310 horno
332 2247 498 2324 elevetur,
530 2263 662 2327 suppar
687 2245 853 2310 reddatur
877 2249 973 2308 tanto
997 2243 1078 2324 fini;
1102 2245 1195 2308 russi
1219 2245 1284 2309 ele·
1350 2279 1364 2286 ·
1397 2261 1430 2304 e

213 2355 390 2418 vationem
423 2354 558 2418 silentio
592 2358 823 2434 praetereunt,
857 2370 939 2416 curn
967 2356 1097 2415 natura
1120 2351 1285 2416 sufficiat.
1341 2397 1367 2412 .

209 2458 289 2539 Quo
312 2460 361 2539 fit,
392 2466 439 2536 ut,
466 2478 546 2523 cum
571 2458 774 2540 simpliciter
797 2458 840 2523 de
863 2458 1056 2539 aptitudine
1091 2455 1285 2540 loquamur,
1335 2468 1431 2531 (Ἰ

213 2587 274 2631 nos
299 2567 600 2648 subintelligamus
618 2567 846 2648 aptitudinem
871 2583 962 2648 quae
981 2583 1027 2630 ex
1044 2565 1171 2646 gratia,
1196 2565 1286 2628 russi
1330 2562 1363 2623 i
1378 2575 1426 2621 es

210 2693 304 2757 quae
327 2693 373 2738 ex
397 2679 525 2736 natura
550 2673 602 2737 sit.

320 2783 350 2844 2.
383 2780 541 2846 Secundo
578 2781 669 2863 quod
707 2782 818 2860 ipsam
857 2780 1003 2843 hominis
1037 2779 1283 2860 perfectionem
1326 2789 1428 2837 1111

211 2889 346 2968 attinet,
380 2890 518 2969 utrique
550 2888 771 2950 affirmamus
799 2905 878 2951 eum
902 2886 1057 2967 prodisse
1080 2903 1099 2949 e
1123 2886 1285 2949 manibus
1311 2896 1426 2944 818

213 2995 277 3060 Dei
302 2997 508 3076 perfectum;
533 3001 642 3058 totum
666 2994 861 3075 discrimen,
884 3011 976 3075 quae
993 3000 1028 3058 et
1045 2993 1163 3075 qualis
1182 2993 1286 3058 fuerit
1298 2995 1356 3052 :r
1374 2985 1423 3048 iit

213 3102 301 3165 haec
325 3101 514 3182 perfectio?
554 3100 624 3165 Sub
649 3102 714 3164 hoc
738 3106 900 3182 respectu
926 3099 1062 3181 utrique
1085 3098 1367 3182 aliqualiter-1
1381 3108 1419 3152 ar

211 3209 442 3274 convenimus
475 3209 509 3272 in
543 3207 756 3290 assignanda
790 3207 1008 3289 perfectione,
1045 3224 1136 3289 quae
1176 3206 1359 3289 magis&
1380 3197 1413 3260 is

213 3317 379 3396 negativa
402 3326 464 3396 est,
488 3317 547 3380 sed
573 3321 641 3378 toto
665 3316 759 3379 coelo
784 3315 952 3378 distamus
984 3331 1066 3376 cum
1098 3313 1217 3396 agitur
1245 3314 1360 3376 d&
1386 3322 1408 3367 t

214 3423 373 3503 positiva.
778 3437 782 3449 “

323 3529 469 3611 Utrique
494 3530 727 3594 consentimus
752 3529 925 3591 hominem
946 3525 1111 3608 prodiisse
1134 3544 1154 3589 e
1179 3525 1292 3588 mani-
1320 3516 1394 3580 ii-

214 3638 279 3700 bus
302 3637 366 3701 Dei
392 3640 464 3701 sine
489 3636 559 3711 ullo
582 3655 700 3702 errore
733 3636 806 3700 sino
841 3636 912 3698 ulla
936 3637 1193 3716 praeconcepta
1217 3632 1271 3714 opi
1316 3622 1387 3688 i·

215 3742 315 3807 nione
348 3743 383 3805 in
407 3747 530 3823 mente,
554 3744 627 3808 sine
653 3744 723 3807 ulla
747 3744 889 3807 macula
913 3743 972 3806 vel
995 3741 1080 3804 vitio
1104 3740 1141 3803 in
1165 3739 1270 3803 volun
1328 3749 1383 3792 1·

215 3855 296 3931 tato,
320 3851 508 3914 immunem
532 3870 554 3913 a
574 3851 778 3915 defectibus:
801 3869 823 3913 a
843 3848 1134 3929 concupiscentia,
1158 3865 1181 3910 a
1200 3863 1272 3909 mor
1300 3850 1378 3875 ’-
