2872 4666
603 325 822 390 ..37-

180 560 248 605 non
282 542 382 605 modo
412 539 558 604 hominis
590 541 650 605 sed
683 539 821 604 omnino
844 541 954 604 omnis
977 545 1164 605 creaturae
1186 557 1244 604 ex·

179 647 280 730 cedit,
303 646 532 729 distinguunt;
560 664 685 711 verum
708 647 803 710 hanc
828 646 987 709 ultimam
1010 647 1130 710 eodem
1155 665 1245 711 com-

155 753 277 817 muni
299 752 436 816 nomine
458 751 538 815 finis
562 751 674 814 ultimi
692 752 970 833 complectuntur
994 769 1097 834 quem
1116 753 1245 817 homini

178 859 290 925 veluti
313 859 578 924 connaturalem
601 877 676 924 esse
698 861 832 939 putant.

289 965 506 1032 Subiciamus
539 983 657 1029 eorum
690 964 884 1029 doctrinam
917 965 1072 1030 ulteriori
1095 967 1246 1048 analysi.

179 1075 314 1139 Verum
346 1078 398 1136 cst
429 1073 520 1155 quod
548 1073 669 1137 dicunt
691 1072 728 1136 in
751 1090 890 1154 genere:
916 1073 1076 1137 ultimum
1100 1074 1247 1137 hominis

177 1182 286 1246 finem
305 1180 343 1243 vi
357 1182 506 1244 naturae
519 1198 588 1243 non
602 1197 702 1261 posse
715 1197 791 1244 esse
805 1178 871 1242 nisi
888 1184 1247 1262 «supraterrestrem»‚

179 1288 334 1352 animam
367 1306 435 1351 non
459 1305 558 1369 posse
581 1305 656 1351 esse
681 1288 819 1352 beatam
843 1287 910 1350 nisi
933 1305 1088 1368 possesso
1113 1306 1248 1352 summo

178 1397 277 1476 bono,
301 1395 366 1458 nisi
390 1395 426 1458 in
450 1395 574 1458 unione
597 1412 679 1458 cum
703 1394 784 1459 Deo.
808 1392 874 1458 Sed
898 1398 1049 1475 peccant
1073 1414 1155 1459 cum
1179 1414 1247 1460 non

179 1502 365 1567 attendunt
401 1502 447 1566 ad
478 1502 521 1583 id,
554 1502 646 1583 quod
678 1501 794 1565 haec
827 1502 934 1565 unio
966 1506 1249 1582 potestesse

179 1610 279 1674 alia
303 1616 447 1691 atque
469 1609 576 1672 alia.
600 1608 691 1673 Nam
715 1608 743 1672 si
768 1626 949 1673 sumamus
971 1611 1015 1692 id,
1043 1612 1135 1693 quod
1158 1629 1247 1675 sum-

180 1735 278 1780 mum
301 1715 522 1780 beatitudinis
546 1720 608 1797 est,
639 1733 685 1779 ex
712 1733 780 1797 quo
812 1720 930 1780 cetera
963 1720 1122 1800 pendent,
1147 1720 1248 1784 visio·

180 1842 263 1889 nem
294 1823 427 1888 scilicet
459 1841 519 1887 seu
552 1822 781 1904 cognitionem
814 1822 878 1887 Dei
910 1822 945 1886 in
978 1829 1072 1888 statu
1102 1827 1249 1910 termini,

179 1948 224 1995 ea
248 1936 359 2012 potest
382 1949 456 1996 esse
480 1933 539 1996 vei
561 1932 783 1996 abstractiva
805 1932 864 1996 vel
887 1932 1093 2011 intuitiva1).

289 2036 376 2102 Cum
407 2039 628 2103 abstractiva
665 2039 859 2120 cognitione
895 2041 1067 2104 sententia
1105 2041 1248 2123 philoso-

181 2146 330 2228 phorum
363 2145 481 2209 anima
513 2164 581 2209 non
614 2146 808 2211 intueretur
832 2146 947 2210 Deum
979 2147 1045 2211 nisi
1077 2149 1112 2211 in
1137 2149 1250 2231 seipsa

180 2258 352 2334 tanquam
371 2253 406 2315 in
426 2253 566 2334 speculo
585 2253 616 2316 h.
636 2271 664 2317 e.
684 2253 845 2331 mediate3
869 2253 1062 2333 cognitione
1085 2254 1250 2320 intuitiva

179 2361 327 2424 docente
351 2360 521 2440 theologia
544 2359 675 2424 videbit
698 2359 786 2422 Eum
810 2360 902 2423 facie
920 2360 966 2423 ad
984 2363 1109 2426 faciem
1129 2365 1158 2441 (1
1174 2360 1251 2427 Cor.

184 2468 236 2549 13,
263 2469 314 2545 12)
336 2467 367 2531 h.
391 2486 418 2532 e.
442 2467 646 2531 immediate.
671 2466 723 2531 Ibi
748 2467 866 2530 anima
889 2472 1113 2548 cognosceret
1137 2469 1251 2534 Deum

180 2573 398 2655 potissimum
422 2591 484 2655 per
508 2574 694 2654 imaginem
718 2591 780 2638 seu
803 2573 1060 2638 similitudinem
1094 2593 1184 2657 quae
1216 2577 1251 2639 in

180 2681 260 2761 ipsa
283 2681 445 2762 refulget3
477 2681 535 2744 hic
559 2681 691 2746 videbit
713 2680 802 2744 Eum
822 2681 923 2744 sicuti
938 2689 991 2744 est
1010 2688 1043 2758 (s.
1059 2681 1158 2746 Joan.
1178 2684 1207 2765 3,
1222 2685 1254 2762 2)

180 2789 217 2850 h.
240 2804 268 2850 e.
291 2787 403 2868 ipsam
431 2788 513 2851 Eius
545 2788 740 2853 essentiam.
787 2787 853 2853 Sed
891 2805 1100 2868 cognoscere
1137 2788 1252 2854 Deum

180 2911 247 2976 per
270 2894 525 2960 similitudinem
550 2902 715 2975 creatam,
744 2913 812 2957 non
835 2900 888 2958 est
911 2894 1031 2959 videre
1054 2894 1119 2959 Dei
1138 2915 1251 2961 essen·

180 3001 278 3078 tiam,
302 3020 393 3084 quae
416 3020 523 3083 supra
545 3002 661 3066 omnia
684 3020 775 3084 quae
795 3006 915 3066 creata
935 3007 1016 3066 sunt
1030 3007 1083 3068 est
1094 3001 1124 3082 2).
1148 3003 1253 3069 Porro

295 3269 313 3334 ¹)
330 3266 537 3336 Cognitionem
557 3269 613 3321 Dei
633 3283 710 3336 quae
729 3283 767 3321 cx
786 3267 848 3320 fide
868 3274 912 3322 ost
927 3269 1101 3337 omittimus,
1121 3284 1190 3322 cum
1206 3269 1253 3322 hic

180 3361 222 3412 dc
241 3364 324 3412 statu
342 3359 461 3411 termini
481 3360 520 3411 sit
539 3372 642 3411 sermo.

294 3451 313 3514 2)
331 3445 358 3501 S.
379 3447 505 3502 Thomas
525 3452 585 3501 tres
605 3447 688 3515 ponit
707 3447 796 3500 huius
812 3448 854 3498 rei
869 3447 1011 3500 rationes:
1033 3445 1103 3501 «Sed
1117 3452 1251 3516 exparte
1308 3492 1311 3499 .

181 3539 229 3592 rei
249 3538 339 3604 visae,
359 3553 449 3605 quam
468 3552 587 3590 necesse
606 3537 705 3605 aliquo
725 3536 811 3589 modo
831 3536 910 3588 uniri
925 3535 1048 3604 videnti,
1064 3552 1117 3604 per
1137 3537 1251 3590 nullam

182 3626 411 3681 similitudinem
430 3631 560 3679 creatam
580 3624 636 3678 Dei
656 3625 784 3678 essentia
802 3624 899 3677 videri
918 3629 1022 3693 potest.
1050 3655 1083 3662 -
1112 3626 1138 3686 1)
1155 3625 1255 3678 Primo

181 3716 316 3786 quidem,
340 3715 409 3784 quia
429 3717 505 3768 sicut
523 3714 595 3767 dicit
621 3715 795 3782 Dionysius:
825 3713 897 3766 «Per
922 3713 1150 3767 similitudinem
1179 3715 1253 3766 infc-

181 3805 271 3860 riom‘s
291 3804 402 3858 ordinis
421 3819 530 3872 rerum,
549 3805 632 3857 nullo
651 3803 737 3857 modo
757 3802 909 3871 superiora
935 3807 1058 3871 possunt
1083 3803 1253 3870 cognotam:

181 3896 263 3950 sicut
283 3908 336 3963 per
355 3894 480 3961 speciem
499 3893 628 3960 corporis
647 3908 706 3945 rron
725 3896 821 3959 potest
840 3891 977 3959 cognosci
997 3891 1126 3944 essentia
1146 3892 1189 3944 rei
1209 3892 1252 3944 in·

180 3997 352 4052 corporeae.
372 3982 464 4035 Multo
483 3980 579 4049 igitur
597 3981 696 4034 minus
715 3995 767 4049 per
786 3980 912 4048 speciem
932 3984 1061 4033 creatam
1091 3993 1254 4045 quamcun·
