2872 4666
596 307 838 372 -170-

177 520 311 586 cedere.
352 519 388 584 Si
410 519 505 585 enim
533 537 654 584 eorum
678 524 834 600 systema
865 521 1114 603 consideretur,
1151 522 1294 586 nullss

177 628 267 692 ratio
289 627 464 708 assignari
487 631 609 708 potest,
631 645 697 691 cur
715 628 750 690 id
768 629 860 710 quod
877 647 925 694 ex
942 633 1043 710 parte
1062 629 1128 694 Dei
1146 626 1294 695 Oreo-s

176 735 262 799 toris
294 734 480 816 proveniat
518 735 654 799 nomine
690 741 848 814 naturae,
884 737 919 799 id
956 754 1041 801 vero
1078 737 1174 818 quod
1207 752 1294 801 em

175 845 277 923 parte
301 840 492 905 Provisoris
515 841 653 906 nomine
674 842 812 922 gratiae
833 842 1056 923 appelletur?
1241 907 1245 910 ,

288 949 318 1027 1)
339 945 520 1027 Quantum
542 949 588 1012 ad
612 948 725 1012 Deum
749 947 966 1013 Creatorem:
1003 949 1114 1013 Homo
1136 967 1294 1015 russo-⁴

177 1074 257 1120 rum
281 1055 452 1120 sententia
476 1056 513 1118 vi
538 1072 623 1119 suae
645 1055 827 1119 rationalis
850 1062 999 1120 naturae
1029 1057 1075 1120 ad
1101 1058 1294 1123 beatitu-r

176 1163 292 1227 dinem
306 1168 487 1227 aeternam
507 1163 620 1227 fertur
638 1181 751 1246 neque
769 1163 918 1245 quiescit
935 1165 1001 1228 nisi
1018 1182 1061 1228 ea
1074 1169 1294 1230 assecutam

174 1269 244 1336 Sed
266 1271 368 1334 homo
390 1270 563 1351 attingere
585 1271 683 1334 hunc
705 1271 813 1334 finem
845 1288 914 1335 non
946 1275 1058 1351 potest
1088 1270 1158 1334 nisi
1193 1289 1288 1335 na·-

176 1382 258 1442 tura
277 1379 322 1441 sit
340 1379 517 1459 perfectus
535 1377 567 1440 h.
586 1397 613 1442 e.
633 1383 738 1458 aptus
756 1378 802 1442 ad
821 1378 969 1442 eundem
983 1378 1294 1459 assequendumtr

176 1486 208 1550 ei
223 1502 356 1567 suppar
373 1502 418 1548 ac
436 1485 728 1566 proportionatus
750 1485 842 1567 Ergo
864 1485 967 1549 homo
986 1487 1024 1547 ut
1042 1485 1079 1548 vi
1099 1492 1294 1550 naturae

179 1592 430 1658 beatitudinem
461 1597 642 1657 aeternam
674 1593 723 1656 ita
757 1597 793 1657 et
814 1593 1043 1674 aptitudinem
1067 1609 1131 1656 seu
1155 1593 1294 1660 sutri-

178 1699 343 1765 cientiam
366 1702 412 1764 ad
435 1700 582 1765 eandem
605 1700 723 1782 exigit.
746 1700 862 1782 Atque
883 1700 989 1782 Deus
1011 1717 1095 1764 cum
1114 1699 1286 1766 infinite

179 1808 290 1871 bonus
313 1809 358 1871 sit
380 1811 416 1872 et
438 1808 588 1890 sapiens,
610 1808 688 1871 fieri
720 1826 788 1871 non
812 1809 933 1890 potuit,
965 1806 1050 1889 quin
1083 1808 1278 1874 conderet

176 1919 379 1980 creaturam
411 1915 568 1997 aliquam
596 1915 840 1996 imperfectam
862 1914 895 1978 h.
917 1933 945 1980 e
967 1915 1259 1997 insufficientem,

175 2022 346 2104 imparem
369 2022 440 2103 fini,
474 2023 520 2085 ad
545 2040 649 2105 quem
672 2022 734 2084 illa
757 2022 796 2085 vi
817 2026 966 2086 naturae
989 2023 1101 2086 fertur
1125 2040 1173 2086 ac
1196 2023 1251 2087 de·

40 2160 48 2175 ·
176 2129 336 2195 stinatur.
382 2129 473 2212 Ergo
501 2129 597 2194 Deus
619 2129 713 2194 dedit
735 2129 865 2193 homini
887 2129 984 2193 illam
1007 2127 1250 2210 aptitudinem,

176 2237 259 2302 fecit
297 2254 377 2300 eum
409 2236 643 2301 sufficientem
674 2254 719 2300 ac
750 2237 1048 2318 proportionatum
1080 2255 1145 2300 suo
1179 2236 1250 2319 fini,

178 2343 348 2425 praedidit
380 2362 460 2408 eum
485 2344 622 2407 viribus
643 2363 689 2408 ae
711 2344 941 2408 facultatibus
963 2344 1008 2407 ad
1031 2343 1132 2406 illurn
1155 2361 1248 2409 asse·

178 2450 354 2533 quendum
378 2451 593 2515 necessariis.

282 2560 315 2636 2)
336 2555 516 2637 Quantum
534 2558 579 2621 ad
593 2559 709 2623 Deum
728 2559 978 2640 providentem
996 2558 1072 2622 Non
1086 2558 1250 2622 obstante

176 2666 238 2729 illa
261 2666 463 2747 aptitudine,
487 2666 597 2748 homo,
620 2685 712 2747 cum,
736 2670 853 2748 utpote
876 2669 1025 2747 creatus,
1048 2665 1171 2729 finitus
1195 2664 1251 2749 sit,

177 2773 347 2837 limitatus
379 2778 485 2856 atque
518 2773 668 2838 deficere
700 2774 816 2855 possit,
853 2791 936 2837 cum
972 2773 1045 2837 eius
1078 2772 1250 2853 perfectio

176 2880 312 2945 nonnisi
344 2883 380 2943 in
411 2882 567 2961 germine
599 2899 662 2946 seu
695 2883 731 2944 in
763 2881 917 2961 potentia
940 2880 994 2960 sit
1026 2879 1250 2943 nullomodo

176 2989 294 3053 evolvi
327 3006 440 3071 neque
472 2990 518 3052 ad
551 3007 654 3052 suum
686 2989 791 3054 finem
826 2987 985 3071 progredi
1022 2992 1141 3070 potest,
1181 2988 1250 3050 nisi

176 3097 321 3179 speciali
357 3097 422 3161 Dei
459 3096 597 3178 providi
634 3096 874 3177 cooperatione
911 3095 1108 3159 accedente.
1152 3093 1251 3176 Ergo

175 3204 278 3267 homo
301 3204 392 3267 sicut
415 3208 543 3267 natura
568 3203 677 3283 exigit
699 3203 806 3267 finem
829 3202 879 3265 ita
901 3206 938 3267 et
959 3200 1147 3282 specialem
1182 3199 1250 3264 Dei

175 3311 453 3393 cooperationem
476 3311 551 3375 sine
574 3328 645 3393 qua
673 3310 731 3375 ille
762 3310 843 3373 finis
875 3308 1000 3390 attingi
1031 3325 1101 3370 non
1123 3311 1250 3388 potest.

177 3419 292 3501 Atque
316 3418 419 3500 Deus,
443 3436 524 3481 cum
543 3417 677 3483 infinite
700 3417 811 3480 bonus
834 3417 879 3480 sit
896 3419 932 3479 et
949 3415 1087 3506 sapiens
1110 3415 1251 3480 ratione

177 3525 399 3589 convenienti
422 3526 577 3588 occurrit
602 3525 682 3588 huic
706 3524 853 3588 hominis
876 3522 1094 3604 indigentiae.
1115 3519 1250 3604 'thui-

177 3632 256 3696 dem
279 3632 355 3696 iure
377 3632 499 3696 merito
523 3634 605 3715 quia
630 3651 731 3697 secus
755 3632 851 3695 Deus
874 3649 940 3695 nec
963 3631 1101 3711 sapiens
1128 3629 1250 3710 opifex

178 3755 243 3801 nec
266 3738 376 3801 bonus
395 3739 554 3819 provisor
574 3745 678 3819 esset3
701 3744 843 3820 poneret
857 3737 987 3801 homini
1005 3737 1121 3819 finem,
1144 3737 1250 3802 daret

178 3845 406 3926 aptitudinem
429 3846 475 3908 ad
499 3846 654 3924 eundem,
683 3847 781 3909 nulla
805 3863 889 3910 vero
913 3845 1039 3910 media:
1068 3845 1133 3908 hoc
1167 3861 1248 3927 sup-
