2872 4666
641 265 929 329 -92-.

210 479 374 562 quamvis
398 479 567 543 visionem
592 478 791 542 beatificam
815 494 979 559 expresse
1007 497 1076 542 non
1105 479 1319 561 appellen
1344 462 1377 521 ἲ

212 586 340 651 homini
374 587 648 668 connaturalem,
680 602 719 650 re
751 587 870 650 tamen
902 585 1093 651 detrahunt
1125 603 1206 650 eam
1237 566 1361 649 ad

210 693 366 757 ordinem
390 694 597 756 naturalem.
630 690 773 756 «Gratia
797 692 862 758 Dei
886 693 962 757 vita
985 698 1150 759 aeterna»
1178 694 1336 770 (Romnae

211 801 240 883 6,
264 801 317 877 23)
339 799 439 863 iuxta
463 799 662 879 catholicos
694 799 795 863 iuxta
827 816 945 864 russos
968 800 1114 883 fructus,
1148 814 1304 865 merces

210 925 254 971 ao
278 924 406 971 corona
440 906 655 970 naturalium
688 909 878 969 conatuum
902 906 1050 971 hominis
1073 907 1186 971 adiuti
1211 908 1291 971 sola

210 1013 326 1095 gratia
349 1014 491 1078 actuali.

317 1118 417 1199 Quae
440 1121 597 1185 confusio
620 1138 801 1185 russorum
833 1121 869 1184 in
902 1120 1128 1203 concipiendo
1162 1122 1280 1186 ultimo

210 1228 281 1292 line
303 1247 373 1291 non
395 1234 448 1291 est
471 1246 537 1291 cur
560 1229 676 1292 dicam
708 1229 832 1310 quanti
865 1228 910 1291 sit
942 1227 1106 1292 momenti
1140 1228 1178 1292 in
1212 1232 1283 1292 tota

211 1335 394 1417 theologia3
417 1335 614 1400 necessario
633 1335 729 1399 ducit
747 1335 793 1398 ad
811 1335 1040 1400 auferendum
1059 1352 1200 1418 quoque
1219 1335 1282 1398 dis·

211 1443 343 1506 crimen
367 1441 456 1506 inter
480 1446 667 1523 utrumque
691 1441 860 1506 ordinem:
884 1441 1083 1506 naturalem
1105 1445 1143 1507 et
1166 1460 1284 1524 super·

211 1549 426 1629 naturalem;
464 1550 521 1613 cui
559 1549 609 1613 rei
648 1549 854 1613 documento
891 1555 994 1613 erunt
1030 1548 1152 1630 capita
1194 1566 1290 1631 quae

211 1660 413 1738 sequuntur.

536 2097 867 2165 ARTICULUS
899 2097 960 2163 IIL

99 2370 101 2374 Α
213 2291 411 2347 APTITUDO
437 2292 547 2345 PRIMI
573 2290 733 2345 HOMINIS
758 2290 814 2344 AD
839 2289 945 2346 SUAM
968 2288 1299 2347 DES'I'INATIONEM

436 2415 725 2470 ADIMPLENDAM
744 2414 816 2471 SEU
836 2414 1053 2470 Pnaradrlc

319 2615 345 2680 Ι.
371 2618 397 2679 1.
422 2616 498 2679 Hoc
530 2614 680 2679 articulo
714 2614 805 2677 russi
841 2617 952 2695 agunt
988 2613 1031 2680 de
1070 2616 1296 2697 perfectione

213 2724 314 2806 primi
334 2723 489 2801 hominia,
507 2741 614 2805 quam
633 2722 763 2803 habuit,
787 2739 848 2785 seu
868 2721 910 2786 de
928 2721 1133 2804 conditione,
1155 2722 1196 2787 in
1217 2744 1296 2808 qua

212 2832 286 2914 fuit,
320 2834 358 2894 ut
390 2831 541 2911 primum
564 2848 584 2894 e
607 2829 767 2892 manibus
792 2829 856 2894 Dei
879 2829 1014 2910 prodiit.
1058 2827 1294 2913 Quapropter

213 2939 269 3002 hic
293 2938 463 3002 articulus
487 2956 509 3001 a
533 2937 707 3001 nonnullis
730 2937 836 3000 etiam
859 2935 1073 3002 inscribitm:
1106 2936 1168 3003 «de
1188 2943 1293 3003 statu

213 3044 390 3127 originali»
411 3044 440 3123 ¹).
794 3019 815 3045 ⁴

195 3233 197 3236 Α
319 3153 348 3218 2.
373 3151 533 3216 Deducta
566 3151 715 3214 articulo
739 3150 960 3231 praecedenti
983 3168 1028 3215 ac
1050 3150 1294 3216 determinata

213 3259 359 3323 hominis
383 3258 618 3340 destinatione,
637 3259 703 3321 hoc
717 3256 866 3321 articulo
885 3257 975 3322 russi
994 3257 1162 3338 imprimts
1187 3260 1292 3325 affir-

213 3369 312 3429 mant
344 3366 433 3429 inter
465 3367 558 3430 hanc
590 3365 856 3430 destinationem
879 3367 913 3428 et
936 3364 1084 3428 hominis
1114 3367 1291 3429 naturam

213 3473 469 3554 facultatesque
492 3473 670 3555 quandam
688 3472 943 3553 proportionem
965 3472 1177 3553 naturalem;
1212 3491 1292 3555 qua

323 3720 341 3786 ¹)
358 3720 532 3788 Bpeuueamrn
556 3720 587 3773 lt.
614 3737 695 3780 caum.
724 3719 844 3772 Banncrm
874 3736 905 3771 uo
932 3719 1061 3788 leaeocr.
1090 3718 1290 3786 lloruaruuecrr.

216 3809 382 3861 limocroairo.
402 3809 616 3877 Emicaaerrpam,
636 3810 713 3864 1895.
733 3809 754 3877 Ι,
775 3825 801 3878 p.
823 3809 887 3874 1953
912 3840 944 3846 -
968 3809 1108 3876 Pyuaaorn
1119 3808 1152 3862 A.
1167 3808 1204 3862 Π.
1216 3810 1293 3880 Hpa·

214 3914 282 3949 inici.
302 3898 514 3962 dornarnnccuoe
533 3899 695 3952 Borocuoaie.
714 3898 779 3959 Har.
799 3897 824 3962 2,
845 3896 921 3950 clla
942 3899 1020 3968 1894,
1039 3903 1055 3964 ξ
1073 3899 1116 3969 40,
1135 3915 1163 3967 p.
1183 3900 1232 3954 73.
