2872 4666
518 315 760 381 -195-

104 521 273 613 putentur,
308 530 367 595 sed
400 531 483 612 quia
507 535 645 611 praeter
669 530 703 593 id
727 530 819 613 quod
842 530 994 594 debitum
1018 535 1070 594 est
1093 549 1167 612 spe·

105 617 188 698 clap
216 637 279 702 Dei
313 635 489 703 Creatoris
524 637 690 702 beneficio
715 655 824 719 purae
847 637 994 701 hominis
1018 642 1167 703 naturae

103 740 189 807 sunt
207 745 333 810 addita.
357 744 448 827 Ergo
472 744 710 808 tantummodo
733 746 866 810 ratione
889 746 1030 828 originis
1049 745 1167 809 dicun·

101 831 167 908 tur
188 852 312 932 gratia3
344 853 427 935 quia
461 851 489 914 si
523 851 558 914 in
591 870 628 916 se
660 855 862 933 spectentur
890 870 957 915 non
982 853 1169 933 perficiunt

97 953 216 1054 {leque
233 960 377 1024 elevant
394 965 558 1022 naturam
578 959 725 1022 hominis
739 960 803 1023 nisi
818 960 853 1022 in
868 960 987 1023 ordine
1000 960 1168 1040 naturali;

96 1049 247 1148 ldeoque
262 1084 330 1129 non
345 1071 426 1129 sunt
445 1065 511 1129 nisi
530 1066 758 1147 perfectiones
782 1067 973 1147 naturales;
997 1084 1168 1150 quaprop-

90 1151 160 1227 ter
184 1173 255 1238 iure
279 1173 401 1238 merito
424 1173 589 1237 dicuntur
607 1173 697 1237 dona
721 1174 1047 1254 praeternaturalia.
1070 1171 1169 1252 Quae

86 1269 217 1344 ⁰1nnia
241 1281 349 1362 igitur
368 1281 396 1344 si
420 1280 680 1362 abstrahantur,
703 1299 742 1345 re
765 1280 840 1361 ipsa
864 1281 998 1346 ratione
1020 1286 1171 1344 naturae

81 1425 315 1468 L

75 1541 429 1633 ⁸¹1pernaturalis
449 1569 494 1618 cst
513 1565 572 1632 ille,
592 1564 622 1616 in
643 1580 700 1633 quo
721 1565 808 1617 horno
827 1564 864 1617 ad
885 1565 976 1618 finem
997 1569 1173 1632 supernatu-

72 1629 204 1724 ralem,
230 1656 375 1709 visionem
395 1655 507 1708 scilicet
533 1654 713 1721 beatificam,
742 1653 841 1707 aDco
873 1653 1040 1707 destinatus
1073 1655 1172 1721 gratia

69 1717 313 1798 ⁸²²¹lictiricanre
335 1745 531 1813 elevanteque
558 1744 723 1811 ceterisque
748 1743 870 1796 auxiliis
896 1744 1172 1812 supernaturalibus

56 1803 141 1928 ,Ἢ
161 1834 241 1886 hunc
259 1834 351 1886 finem
367 1832 584 1901 assequendum
600 1832 830 1901 proportionatis
845 1834 1013 1886 instruitur⁴
1027 1830 1172 1886 -Status

86 1904 287 1976 ¹lstitiae
307 1923 525 1990 originalis
544 1937 612 1974 seu
631 1922 889 1976 innocentiae
908 1928 1031 1976 vocatur
1051 1922 1100 1974 ille
1115 1927 1172 1975 sta-

53 1970 152 2136 {11¹⁸
176 2015 209 2065 in
238 2027 297 2080 quo
326 2012 437 2079 primus
466 2012 552 2064 bomo
580 2027 598 2064 a
624 2011 686 2063 Deo
706 2013 889 2065 constitutus
907 2017 960 2064 est.
998 2009 1025 2064 S.
1045 2011 1173 2064 Thomas

89 2103 184 2159 .11nc
219 2105 332 2154 statum
365 2101 520 2155 constituit
552 2101 582 2152 in
611 2102 742 2168 perfecta
774 2101 957 2154 subiectione
986 2102 1108 2153 rationis
1136 2100 1173 2153 ad

58 2149 214 2259 heum,
234 2192 384 2259 appetitus
404 2191 538 2244 sensitivi
557 2190 594 2243 ad
615 2191 759 2243 rationem
779 2194 808 2242 et
828 2191 955 2258 corporis
979 2191 1016 2243 ad
1035 2191 1173 2243 animaru.

51 2237 198 2359 {Temo
219 2281 252 2332 in
271 2294 305 2333 ec
324 2295 384 2333 non
404 2281 497 2333 solum
518 2284 641 2332 ornatus
661 2284 724 2331 erat
746 2279 831 2332 donis
855 2280 1174 2347 praeternaturalibus:

53 2353 300 2440 Integritatis,
329 2370 529 2423 immunitatis
555 2385 571 2422 a
595 2370 844 2437 concupiscentia,
871 2370 1050 2436 ignorantia,
1071 2374 1174 2436 morte,

58 2450 294 2522 bassionibus
313 2463 450 2512 naturam
471 2458 697 2524 alternantibus
724 2457 775 2511 sed
802 2459 891 2511 etiam
918 2460 1016 2525 gratia
1042 2459 1173 2511 sanctifi·

66 2556 192 2609 hante
213 2548 349 2602 donatus.
369 2579 402 2586 -
421 2546 523 2602 Status
542 2552 708 2600 naturae
728 2549 868 2615 lapsae
887 2553 931 2600 est
950 2548 1008 2615 ille,
1037 2548 1088 2615 qui
1114 2548 1174 2615 lap·

75 2650 172 2698 Qum
193 2637 303 2691 Adami
323 2637 494 2691 immediate
513 2642 688 2690 consecutus
708 2643 765 2704 est;
786 2637 838 2705 qui
853 2642 951 2690 tamen
968 2651 1028 2688 non
1044 2637 1174 2704 duravit,

76 2744 170 2787 eum
192 2728 276 2780 Deus
294 2732 494 2795 reparatorem
509 2741 579 2779 mox
593 2728 782 2795 promisisset.
802 2726 918 2780 Natura
933 2730 1033 2780 autem
1044 2727 1175 2779 humana

80 2821 229 2891 peccato
253 2816 360 2869 Adami
386 2823 431 2871 est
458 2818 584 2886 spoliata
609 2817 709 2884 gratia
728 2816 934 2869 sanctificante
952 2816 1174 2883 virtutibusque

92 2913 127 2965 ei
149 2906 290 2972 adnexis,
305 2911 370 2960 tum
385 2906 462 2959 dono
477 2906 667 2974 integritatis,
687 2906 932 2974 impassibilitate,
952 2905 1176 2959 immortalitate

93 3003 130 3052 et
148 2994 343 3061 exemptione
361 2995 398 3048 ab
412 2996 583 3063 ignorantia
598 2999 628 3047 et
642 2996 895 3063 concupiscentia,
914 3000 1067 3062 praeterea
1086 2994 1176 3047 etiam

99 3089 134 3141 in
163 3084 354 3138 naturalibus
382 3090 426 3137 est
456 3085 616 3137 vulnerata
641 3088 750 3137 natura
774 3084 906 3138 humana
931 3088 1022 3154 atque
1048 3088 1177 3153 quatuor

104 3178 181 3230 sunt
202 3173 266 3226 cius
286 3174 426 3227 vulnera:
446 3174 615 3242 ignorantia
635 3175 665 3227 in
684 3175 848 3241 intellectu,
874 3175 988 3227 malitia
1015 3175 1046 3226 in
1072 3174 1176 3226 volun-

105 3270 181 3328 tate,
212 3263 450 3332 concupiscentia
478 3265 509 3317 in
537 3265 672 3332 appetitu
700 3263 931 3330 concupiscibili,
959 3264 1118 3315 infirmitas
1146 3263 1177 3315 in

108 3352 261 3406 irascibili.
291 3382 323 3389 -
352 3351 453 3407 Status
481 3357 645 3406 naturae
670 3357 875 3421 reparatae
902 3367 955 3405 seu
975 3353 1073 3421 potius
1093 3366 1175 3419 repa·

111 3441 227 3495 randae
245 3446 289 3493 est
308 3441 359 3495 ille
377 3442 481 3510 inquo
500 3441 587 3495 modo
606 3457 721 3508 sumus,
740 3443 771 3493 in
791 3456 849 3509 quo
869 3441 980 3494 scilicet
999 3441 1108 3493 iterum
1128 3439 1177 3492 de-

114 3532 262 3584 stinamur
287 3529 325 3582 ad
344 3531 435 3583 finem
462 3532 718 3599 supernaturalem
744 3530 909 3597 mediisque
933 3529 971 3583 ad
990 3545 1058 3582 eum
1078 3544 1177 3583 conse·

113 3618 268 3688 quendum
283 3620 512 3688 proportionatis
532 3620 715 3688 instruimur,
734 3634 794 3672 non
810 3619 955 3672 restitutis
975 3623 1075 3672 tamen
1093 3618 1178 3672 donis

113 3709 417 3777 praeternaturalibus
432 3709 623 3776 integritatis,
643 3709 876 3762 immortalitatis
891 3716 944 3761 etc.
960 3710 1068 3777 quibus
1082 3707 1178 3760 Adam

114 3799 142 3851 in
159 3802 241 3852 statu
255 3798 387 3851 iustitiae
402 3799 557 3866 originalis
570 3803 636 3852 erat
650 3797 786 3851 donatus.
806 3797 881 3850 Vide
901 3798 1036 3850 Billuart.
1057 3795 1180 3850 Summa

114 3885 255 3941 Summae
278 3885 305 3942 S.
324 3886 462 3941 Thomae.
482 3887 611 3941 Parisiis
632 3886 710 3955 1889,
730 3892 751 3941 t.
770 3886 808 3954 II,
827 3901 855 3954 p.
876 3887 1030 3952 490-4963
1057 3885 1179 3942 Hurter.

120 3977 261 4044 Theolog.
276 3974 417 4044 Specialis
428 3992 495 4045 pars
506 3979 529 4044 1,
562 3993 589 4029 n.
609 3977 670 4042 362,
690 3977 750 4031 365.

1022 4065 1071 4118 13*
