2872 4666
640 292 879 357 -105-

174 447 252 538 'iii

188 552 248 645 is

235 688 248 704 Β

253 505 367 570 Quem
404 505 498 587 apud
521 505 656 569 nullum
689 508 829 570 nostrae
861 505 1064 571 literaturae
1097 507 1294 588 theologum

251 606 302 671 ln
323 614 420 676 clare
442 630 486 675 ac
505 612 696 695 perspicue,
720 613 820 677 sine
844 613 958 677 ullis
983 615 1293 678 circumlocu-

230 704 436 783 lonibus
455 737 508 784 ac
527 719 806 784 reticentiis
825 738 901 785 esse
915 722 1073 805 solutam,
1094 722 1185 786 sieut
1199 723 1294 804 apud

208 807 377 909 irchiep.
401 826 653 908 Innocentium;
686 827 745 909 qui
778 829 970 909 oppositam
1003 829 1210 895 sententiam
1243 848 1293 895 se·

216 928 389 1016 linuntur,
413 934 475 999 vix
494 934 576 998 huic
599 934 749 1015 opinioni
773 953 854 998 cum
878 935 994 1018 aliquo
1014 955 1179 1002 successu
1198 939 1294 1003 felici

223 1044 299 1107 Sese
322 1060 495 1124 opponere
517 1044 697 1123 poterunt»
713 1041 741 1120 ¹).

332 1149 490 1213 Profecto
513 1149 541 1212 si
565 1166 744 1212 russorum
776 1149 948 1230 principia
982 1155 1174 1230 sumantur,
1198 1151 1293 1218 Svie-

229 1261 298 1326 tlov
335 1263 370 1326 et
406 1260 627 1325 Innocentius
666 1259 777 1342 magis
815 1260 880 1324 sibi
916 1266 1078 1326 constare
1115 1262 1291 1344 videntum

225 1386 438 1452 quamquam
470 1368 631 1433 alterutri
663 1367 781 1432 verbis
813 1369 926 1450 potius
959 1369 1048 1434 inter
1072 1388 1109 1434 se
1133 1375 1291 1452 pugnant

223 1495 331 1560 quam
365 1493 403 1540 re
435 1477 518 1556 ipsa.
561 1475 697 1540 Etenim
721 1477 756 1540 et
780 1470 970 1541 Philaretes
998 1477 1116 1559 etqui
1139 1479 1293 1543 eiusdem

220 1604 305 1650 cum
338 1603 378 1649 eo
411 1588 493 1648 sunt
525 1583 692 1665 opinionis
724 1583 802 1646 aliis
838 1583 922 1648 locis
955 1585 1137 1650 scientiam
1171 1590 1206 1650 et
1238 1605 1291 1649 sa-

219 1692 391 1774 pientiam
415 1690 540 1754 Adami
563 1690 609 1753 ad
633 1707 766 1754 meram
785 1691 974 1772 potentiam
993 1693 1174 1772 reducunt,
1200 1712 1291 1757 men-

218 1804 293 1864 tem
313 1798 412 1863 Adae
430 1798 654 1861 immaturam
673 1798 779 1862 fuisse
798 1798 992 1879 declarant3
1016 1817 1061 1863 ex
1076 1800 1188 1863 altera
1208 1818 1294 1865 vero

218 1909 324 1988 parte
357 1909 391 1970 et
423 1903 579 1970 Svietlov
612 1906 677 1968 hoc
709 1906 843 1968 iactum
866 1906 1091 1987 impositionis
1115 1906 1292 1970 nominum

218 2013 302 2078 aliis
325 2014 410 2076 locis
428 2014 535 2077 affert
554 2012 599 2075 ad
618 2012 835 2093 probandam
855 2013 1051 2078 intellectus
1071 2013 1197 2077 Adami
1216 2032 1292 2095 per·

217 2121 415 2186 sectionem.
462 2120 529 2184 Res
562 2120 597 2182 in
630 2139 669 2184 eo
701 2122 762 2201 est,
803 2120 894 2203 quod
927 2122 1040 2186 neutri
1073 2140 1197 2185 vocem
1230 2140 1292 2185 sa-

218 2229 436 2311 pientiae
454 2227 512 2291 vel
532 2227 763 2291 scientiae
782 2246 822 2292 eo
842 2232 985 2291 sumunt
1003 2247 1117 2309 sensu,
1141 2248 1209 2312 quo
1228 2248 1290 2294 nos

218 2334 387 2400 catholici
409 2339 570 2416 respectu
594 2335 696 2416 primi
719 2336 867 2399 hominis
891 2354 1115 2418 usurpamus3
1149 2338 1209 2401 sed
1242 2356 1291 2400 so-

217 2443 397 2508 lummodo
421 2461 523 2507 sensu
547 2442 606 2507 vel
629 2443 925 2524 sagacitatis
949 2445 1082 2527 mentis,
1116 2444 1175 2508 vel
1198 2463 1292 2526 pro-

219 2568 387 2615 cessus
424 2550 750 2631 cognoscendi.
799 2551 902 2613 «Alta
939 2551 1063 2616 mentis
1105 2552 1293 2634 sagacitas,

218 2658 335 2741 inquit
354 2657 637 2740 Rcidestvenski
657 2658 759 2739 primi
778 2658 924 2722 hominis
944 2678 1019 2725 sese
1034 2659 1190 2743 prodidit,
1210 2678 1291 2723 cum

219 2766 432 2831 animalibus
456 2767 594 2829 nomina
618 2766 828 2847 imponeret»
843 2764 872 2843 2).
917 2767 990 2830 «Ad
1015 2767 1291 2849 cognoscendam

220 2873 348 2939 mentis
392 2873 554 2937 Adami
600 2873 748 2936 indolem
795 2874 906 2938 servit
951 2876 1108 2938 narratio
1154 2875 1292 2956 biblica,

219 2981 392 3064 quomodo
417 2981 511 3045 Deus
544 2982 589 3043 ad
614 2981 728 3043 Adam
751 2980 919 3045 animalia
943 2982 1130 3048 adduxerit
1152 2988 1186 3048 et
1209 3002 1291 3066 quo·

219 3090 322 3154 modo
345 3088 402 3152 hic
426 3089 474 3152 eis
498 3089 637 3152 nomina
661 3088 869 3169 imposuerit.
895 3090 1048 3153 Verbum
1073 3091 1203 3172 percipi
1222 3110 1291 3154 non

219 3200 335 3278 potest
358 3195 432 3260 sine
455 3204 635 3277 conceptu,
667 3215 774 3278 quam
808 3197 850 3260 ob
883 3215 958 3261 rem
986 3198 1218 3280 appellatione
1240 3200 1291 3264 rei

219 3305 292 3367 iam
330 3303 612 3384 praecontinetur
649 3308 838 3386 conceptus
875 3305 1043 3385 eiusdem3
1080 3307 1139 3371 sed
1178 3307 1291 3370 Adam

219 3414 412 3492 antequam
437 3411 486 3474 rei
509 3415 715 3492 conceptum
740 3412 948 3494 acquireret,
981 3413 1031 3476 rei
1065 3414 1278 3496 cognitio

219 3518 292 3582 nis
317 3535 588 3598 processum
612 3519 778 3584 transiret
801 3521 959 3601 oportuit.
1005 3520 1040 3586 Si
1072 3521 1186 3585 Adam
1218 3524 1291 3586 ani·

334 3784 354 3849 ¹)
372 3784 414 3836 Id.
435 3799 481 3852 op.
499 3800 523 3837 c.
544 3800 612 3853 pag.
632 3786 676 3839 58.

330 3874 597 3939 brementensem
624 3874 659 3926 H.
688 3874 720 3926 Il.
749 3875 947 3943 Xpncriancnan
979 3875 1166 3928 ancarana.
1200 3877 1293 3945 liypct

216 3965 337 4020 Ocnossn.
355 3962 520 4016 Borocnoniu.
540 3964 604 4025 Har.
625 3965 649 4017 9.
670 3964 748 4018 effla
770 3965 846 4019 1893.
866 3967 903 4034 11,
924 3981 950 4034 p.
970 3965 1030 4019 ⁶288.
