2872 4666
554 356 796 424 ..201-

107 524 294 637 pbssvsnit
317 573 377 638 vel
400 573 586 654 provenire
614 572 723 654 debet,
756 573 1023 638 considerautur
1046 591 1069 637 a
1093 573 1203 638 russis

89 629 166 794 gu
202 677 312 762 aliquo
336 679 435 743 modo
458 679 751 760 supernaturalia,
784 680 914 745 rectius
946 680 1202 762 semisuperna·

124 754 277 851 urana:
310 786 401 869 quod
433 790 529 852 certe
560 791 595 851 et
628 786 693 868 ipsi
716 786 853 851 termini
878 787 1034 851 indicant
1056 793 1092 851 et
1115 786 1208 850 ratio

79 855 271 959 Slludet:
295 894 387 977 quod
410 895 501 960 euim
525 912 571 959 ex
594 899 724 959 natura
746 897 782 959 et
804 894 920 976 gratia
943 895 1206 976 supernaturali

73 966 300 1079 Dboeedit,
323 1000 366 1066 de
390 1005 540 1083 utraque
563 1000 694 1084 aliquid
720 1001 905 1082 participet
927 1018 1069 1066 necesse
1092 1007 1152 1066 est.

240 1107 367 1191 Itaque
390 1108 491 1172 homo
516 1109 563 1172 oh
587 1108 860 1172 imbecillitatem
880 1107 1043 1172 nimirum
1064 1125 1207 1172 suarum

68 1193 267 1281 *trium
291 1218 453 1296 respectu
485 1215 693 1280 evolutionis
725 1233 770 1279 ac
802 1233 1015 1298 progressus,
1047 1219 1208 1297 respectu

62 1314 255 1388 Quorum
290 1321 424 1386 scilieet
456 1339 548 1404 quae
580 1322 756 1386 adfinem
788 1323 870 1386 sunt
894 1323 1031 1403 ponitur
1054 1339 1076 1386 a
1100 1321 1211 1387 russis

63 1405 149 1495 in
179 1429 321 1511 aliquo,
354 1429 383 1493 si
411 1428 460 1492 ita
484 1429 578 1511 loqui
609 1431 664 1494 fas
687 1432 748 1508 est,
783 1428 902 1494 ordine
935 1428 1208 1510 supernaturali.

66 1525 313 1621 Quidquid
336 1541 397 1617 est,
421 1536 455 1599 id
479 1539 615 1600 certum
638 1542 757 1601 manet
779 1553 905 1616 russos,
933 1535 961 1599 si
986 1536 1067 1618 quid
1092 1553 1208 1616 super-

82 1641 377 1713 naturalitatis
400 1643 458 1707 vel
481 1643 617 1723 gratiae
635 1643 832 1724 admittant,
855 1642 1065 1725 restringere
1084 1643 1209 1706 solum·

82 1751 236 1818 tnodo
263 1751 308 1814 ad
331 1750 375 1832 id,
398 1767 460 1832 per
483 1752 575 1833 quod
598 1751 699 1814 homo
723 1758 885 1833 operetur
908 1751 953 1814 ad
976 1751 1091 1830 tinem,
1124 1750 1211 1813 limi·

84 1861 212 1925 tare
249 1857 296 1920 ad
329 1856 584 1921 conficiendum
625 1858 691 1922 iter
723 1875 790 1940 quo
823 1857 1051 1940 gradiendum
1084 1857 1128 1920 sit
1164 1858 1209 1921 ad

89 1970 245 2033 finem
285 1964 453 2044 ultimum,
491 1965 658 2030 reducere
690 1965 736 2028 ad
769 1965 879 2029 solnm
911 1964 1143 2030 evolutionem
1176 1970 1212 2029 et

92 2089 360 2160 progressum
384 2072 539 2136 hominis.

248 2177 309 2243 IV.
336 2182 362 2242 1.
386 2179 441 2243 Ex
460 2180 512 2243 his
532 2199 623 2262 ergo,
646 2198 737 2262 quae
761 2180 861 2244 modo
889 2180 931 2245 de
954 2181 1122 2245 relatione
1147 2179 1210 2244 Dei

110 2286 331 2372 provisoris
354 2287 399 2351 ad
423 2287 574 2369 primum
599 2288 770 2352 hominem
796 2287 955 2368 diximus,
984 2287 1148 2370 sequitur,
1172 2292 1213 2351 ut

121 2397 246 2461 homo
269 2392 314 2456 ad
338 2393 445 2458 linem
467 2412 570 2457 suum
594 2393 743 2458 medium
764 2394 809 2457 sit
828 2395 862 2457 in
878 2395 997 2459 ordine
1012 2394 1212 2476 aliqualiter

127 2500 407 2581 supernaturali
420 2499 453 2582 ¹);
485 2519 531 2565 ex
553 2501 603 2565 eis
626 2519 711 2566 vero
734 2518 825 2584 quae
848 2519 955 2583 supra
979 2501 1021 2566 de
1044 2501 1213 2566 relatione

120 2606 205 2673 Dei
230 2597 405 2671 Creatoris
430 2609 661 2689 exposuimus
685 2609 848 2690 eflicitur,
877 2615 914 2671 ut
938 2609 1026 2672 idem
1048 2609 1148 2672 homo
1166 2610 1211 2671 ad

252 2837 271 2906 ¹)
290 2837 441 2890 Diximus:
471 2837 655 2905 «aliqualiter
681 2839 971 2906 super·natu1·alem»;
997 2854 1066 2891 nam
1091 2837 1212 2890 doctore

132 2948 156 2985 s.
179 2927 297 2982 Thoma
315 2927 341 2995 3,
361 2943 388 2996 q.
407 2926 451 2993 78,
471 2942 496 2979 a.
512 2927 536 2994 2,
556 2927 594 2979 ad
613 2927 643 2980 4:
666 2931 778 2980 «motus
792 2943 851 2980 non
866 2928 974 2995 accipit
988 2928 1209 2995 specicmater-

133 3021 222 3074 mino
242 3033 259 3070 a
278 3032 345 3084 quo,
366 3016 416 3070 sed
436 3032 455 3069 a
474 3017 601 3070 termino
616 3017 653 3069 ad
669 3032 783 3085 quem»,
803 3018 830 3070 h.
845 3033 870 3071 e.
885 3033 903 3070 a
918 3018 988 3071 line.
1008 3016 1096 3086 Apud
1112 3032 1213 3070 russos

135 3107 326 3163 contrarium
346 3111 398 3158 est.
419 3103 492 3159 Cum
514 3108 593 3158 enim
613 3121 673 3159 non
692 3106 883 3175 distinguant
909 3108 986 3160 inter
1012 3108 1103 3160 linem
1124 3112 1210 3160 natu-

135 3197 235 3251 ralem
265 3200 295 3248 et
322 3196 590 3264 supernaturalem,
619 3196 813 3263 gratuitatem
843 3203 872 3248 ot
898 3196 1211 3263 supernaturalitatem

136 3287 313 3340 divinorum
340 3285 522 3338 auxiliorum
549 3285 721 3353 specificare
747 3284 889 3338 videntur
913 3300 929 3337 a
957 3285 1084 3338 termino
1103 3300 1120 3337 a
1140 3298 1212 3352 quo:

137 3390 187 3429 ex
216 3373 507 3427 imbecillitate
536 3375 686 3427 humanae
714 3386 849 3440 naturae,
877 3374 1006 3439 imitate,
1035 3373 1212 3425 limitatione

63 3531 73 3539 ·
139 3465 225 3519 illius
249 3463 455 3517 necessitatem
475 3463 616 3532 providae
642 3463 696 3515 Dei
720 3462 943 3532 cooperationis,
967 3477 1010 3514 cx
1032 3462 1213 3514 bonitate

140 3567 213 3606 vero
230 3551 393 3605 Provisoris
412 3552 603 3621 largitionem
623 3567 674 3604 scu
699 3552 811 3605 factum
838 3552 943 3604 horum
966 3550 1149 3604 auxiliorum
1169 3551 1212 3602 in-

140 3644 260 3706 ferunt;
286 3641 452 3708 generatim
479 3641 625 3709 quidquid
651 3641 694 3693 ad
722 3641 930 3709 imaginem
958 3639 1012 3693 Dei
1036 3641 1066 3693 in
1094 3640 1213 3693 homine

141 3733 202 3785 iam
221 3729 427 3798 splendentem
447 3730 474 3782 h.
495 3746 518 3783 e.
539 3731 727 3799 integram
748 3733 870 3798 insuper
888 3729 1011 3794 accedit,
1031 3729 1213 3782 considerari

141 3819 264 3872 videtur
283 3833 302 3871 a
320 3821 412 3872 russis
431 3824 466 3872 ut
486 3819 799 3887 supranaturale,
827 3825 862 3872 ut
890 3818 1057 3886 cooperatio
1086 3817 1149 3885 Dei,
1178 3823 1214 3870 ut

142 3910 248 3977 virtus,
268 3909 417 3976 sanctitas,
434 3913 469 3961 ut
484 3908 538 3962 Dei
553 3909 727 3962 assimilatio
746 3914 801 3962 etc.
