2872 4666
597 283 837 346 -112—

178 500 364 565 constabat
397 499 482 563 illud
505 499 635 562 donum
657 500 748 582 quod
772 500 861 563 ratio
884 505 961 564 erat
985 499 1150 565 subiecta
1174 499 1256 580 Deo,

180 608 305 672 rationi
330 608 424 673 vires
448 607 636 689 inferiores
660 607 799 673 animae
822 625 958 689 corpus.

286 715 353 781 Sed
376 715 570 779 maximum
592 715 779 780 discrimen
807 715 874 779 hac
898 716 935 778 in
958 734 996 781 re
1018 716 1112 780 inter
1138 731 1256 779 russos

177 829 214 889 et
237 824 427 889 catholicos
459 825 495 886 in
527 841 566 887 eo
599 823 764 904 consistit,
797 824 888 905 quod
921 841 1002 887 cum
1030 824 1067 886 hi
1091 821 1256 886 mirabile

180 931 264 996 iilud
297 930 506 1014 integritatis
538 930 761 1012 privilegium
793 933 832 994 ut
859 932 987 995 donum
1011 930 1076 995 Dei
1101 933 1255 994 naturae

178 1039 452 1120 superadditum,
476 1042 515 1101 ut
537 1039 690 1118 gratiam
713 1038 944 1121 considerant,
972 1038 1063 1102 russi
1087 1044 1129 1100 ut
1153 1040 1254 1101 natu-

179 1147 290 1210 ralem
328 1149 544 1227 naturaeque
581 1146 684 1226 plane
721 1145 873 1210 debitam
909 1145 1131 1228 qualitatem3
1169 1162 1252 1227 qua·

180 1257 320 1336 propter
343 1271 425 1317 cum
448 1253 611 1316 catholici
630 1256 792 1334 repetunt
809 1254 876 1317 hoc
894 1253 1021 1317 donum
1040 1270 1086 1318 ex
1106 1251 1251 1336 speciali

180 1362 246 1426 Dei
280 1361 455 1442 beneficio,
487 1361 577 1424 russi
610 1378 656 1425 ex
678 1360 833 1424 naturali
856 1360 1055 1426 defectuum
1078 1361 1116 1423 in
1141 1360 1250 1441 primo

180 1471 325 1550 parente
348 1467 516 1532 absentia.

287 1576 401 1658 Atque
420 1576 509 1640 haec
527 1577 593 1639 fuit
612 1577 777 1657 perfectio
796 1576 898 1657 primi
912 1576 1059 1640 hominis
1078 1580 1243 1658 quantum

176 1684 226 1747 ad
249 1684 412 1747 animam.

287 1791 316 1856 8.
342 1790 405 1856 Sed
431 1790 563 1871 primus
587 1791 688 1854 homo
711 1792 838 1872 prodiit
852 1810 871 1856 e
886 1792 1048 1855 manibus
1063 1791 1128 1856 Dei
1143 1789 1239 1854 etiarn
1252 1824 1293 1868 4

176 1916 323 1980 corpore
353 1899 536 1979 perfectus.
582 1895 737 1963 Conditio
761 1899 834 1963 eius
857 1903 1030 1982 quantum
1053 1898 1098 1962 ad
1122 1912 1293 1977 corpusg

176 2005 253 2070 eius
268 2004 453 2069 conditioni
468 2009 639 2087 quantum
662 2007 708 2070 ad
731 2006 886 2070 animam
909 2007 1037 2072 dicitur
1060 2008 1166 2071 fuisse
1186 2019 1234 2066 ao·
1268 2044 1293 2074 „-

180 2113 371 2177 comodata.
400 2111 470 2177 Sub
486 2114 551 2176 hoo
565 2117 726 2194 respectu
736 2114 900 2177 tribuitur
911 2114 1022 2195 primo
1035 2112 1172 2195 parenti
1183 2110 1228 2172 im·
1242 2143 1293 2182 4

181 2221 333 2285 munitas
352 2239 374 2284 a
393 2221 522 2285 morbis
546 2221 797 2304 doloribusque.
837 2221 1001 2287 «Nullum
1025 2221 1175 2300 dubium,
1194 2216 1293 2282 in(

177 2329 256 2411 quit
280 2328 465 2410 Macarius
498 2328 581 2410 quin
605 2346 732 2409 corpus
765 2330 871 2410 Adae,
903 2331 1007 2410 prout
1038 2327 1170 2392 infinite
1190 2339 1293 2387 sas

180 2437 304 2518 pientis
328 2436 392 2499 Dei
417 2454 510 2518 opus,
534 2437 576 2499 ob
601 2436 803 2518 mirabilem,
827 2454 934 2519 quam
954 2440 988 2501 et
1002 2455 1098 2501 nunc
1113 2441 1293 2499 consur*

179 2546 244 2607 vat
258 2546 482 2626 structuram,
497 2544 609 2607 nullos
623 2544 779 2609 defectus
789 2562 901 2627 neque
915 2544 1126 2609 intrinsecus
1136 2542 1293 2622 nequ-⁶

176 2652 398 2716 extrinsecus
421 2669 443 2714 a
467 2648 631 2716 Creatore
654 2653 832 2733 acceperit
854 2657 974 2735 atque,
1006 2651 1136 2734 quippe
1157 2628 1293 2734 quoCi

180 2758 311 2822 virtute
334 2759 374 2837 (b.
389 2777 416 2822 e.
432 2759 563 2838 robore)
585 2763 676 2823 esset
699 2760 865 2824 vestitum
893 2758 1025 2838 (Sirach
1047 2759 1097 2841 17,
1113 2760 1144 2838 3)
1167 2755 1259 2822 viria

179 2867 244 2929 bus
259 2866 402 2946 integris
416 2869 451 2930 et
464 2865 674 2947 incorruptis
688 2867 806 2946 inerit;
821 2885 932 2949 neque
948 2868 1056 2930 ullam
1068 2866 1240 2948 perturba-

180 2973 308 3037 tionem
327 2975 520 3036 affectuum
533 2973 619 3037 illud
633 2973 888 3055 experiebatur.
898 2972 1117 3056 Sequebatur
1135 2973 1242 3056 igitur,

181 3083 219 3142 ut
255 3079 328 3143 eius
366 3097 492 3161 corpus
524 3080 570 3143 ab
602 3081 695 3144 omni
728 3082 846 3145 morbo
878 3099 922 3145 ao
955 3081 1072 3147 dolore
1094 3080 1245 3146 immune

180 3192 283 3266 esset3
306 3191 518 3269 quapropter
538 3188 648 3251 morbi
666 3191 702 3252 et
715 3188 849 3254 dolores
862 3189 1073 3254 exhibentur
1085 3207 1108 3252 a
1130 3189 1248 3272 Moyse

181 3297 219 3356 ut
242 3295 404 3377 sequelae
428 3295 564 3376 peccati
583 3298 618 3360 et
636 3314 768 3377 poena»
784 3295 812 3375 ¹).
838 3296 972 3361 Pariter
990 3298 1025 3361 et
1044 3295 1249 3363 Breokevto:

179 3398 284 3465 «Sive
307 3402 526 3484 intrinsecus,
558 3402 679 3485 inquit,
712 3404 845 3484 primus
877 3404 986 3484 homo,
1020 3402 1095 3468 sive
1120 3406 1252 3469 extrin·

181 3525 281 3570 secus
305 3508 555 3592 consideratur,
579 3510 677 3573 nulla
701 3510 824 3575 aderat
848 3527 967 3592 causa,
999 3527 1091 3592 quae
1115 3511 1154 3576 in
1178 3513 1255 3578 eius

180 3614 416 3694 organismum
431 3616 645 3682 destructive
660 3622 789 3698 ageret.
807 3616 1031 3697 Intrinsecus,
1046 3634 1130 3681 cum
1146 3621 1256 3685 nuliis

177 3719 410 3800 cupiditatum
435 3722 584 3787 motibus
607 3724 885 3806 turbarbaretur,
909 3742 977 3787 non
1001 3725 1257 3806 experiebatur

289 3953 310 4015 ¹)
329 3951 459 4020 Martapiii.
480 3954 585 4005 Bororx.
605 3955 627 4022 I,
647 3959 662 4017 ἐ
682 3955 724 4023 84,
744 3972 771 4023 p.
791 3956 852 4010 465.
