2872 4666
690 286 908 352 ..32-

374 496 468 561 XIII.
487 497 620 564 Slvere
636 500 773 564 modum
788 501 913 583 agendi
928 503 1100 586 attendas,
1115 506 1346 586 providentia

264 608 320 670 est
342 605 400 669 vel
423 607 594 670 naturalis
617 607 675 672 vel
699 611 989 690 supernaturalis.
1335 667 1338 672 .

377 713 575 777 «Naturalis
601 714 721 779 modus
746 717 950 796 providendi
984 719 1192 802 hominibus,
1226 722 1346 806 inquit

267 820 453 903 Macarius
486 822 520 885 in
553 840 593 886 eo
625 822 792 904 consistit,
823 825 915 906 quod
938 825 1034 890 Deus
1057 833 1250 893 conservat
1274 847 1344 910 eos,

267 929 514 993 concurrit
546 929 678 993 bonis
710 947 869 995 eorum
901 932 1180 998 actionibus
1206 935 1343 1018 dirigit·

263 1052 335 1118 que
357 1053 415 1099 eos
438 1036 483 1100 ad
507 1035 666 1100 ultimum
699 1036 796 1101 vitae
826 1038 933 1104 finem
957 1040 1123 1105 mediis
1146 1045 1343 1108 natura·

267 1143 394 1207 libus
417 1143 449 1206 h.
473 1161 501 1208 e.
524 1161 587 1226 ope
620 1143 750 1208 virium
774 1162 818 1209 ac
841 1146 958 1229 legum
982 1166 1074 1230 quae
1097 1149 1162 1231 ipsi
1185 1152 1343 1218 naturae

267 1251 444 1315 humanae
466 1253 501 1315 et
523 1254 673 1315 naturae
696 1255 865 1316 externae
887 1253 1013 1320 insitae
1036 1259 1128 1338 sunt,
1151 1256 1290 1338 pariter
1308 1261 1343 1323 et

264 1375 331 1439 ope
346 1357 520 1421 naturalis
539 1357 575 1421 in
594 1357 722 1421 mundo
737 1376 858 1424 rerum
876 1363 911 1424 et
930 1363 1125 1443 temporum
1145 1379 1297 1429 cursus»
1312 1365 1341 1445 ¹).

267 1464 335 1530 Hic
358 1467 528 1545 notamus
562 1482 643 1529 oum
677 1466 857 1531 Macarius
890 1467 972 1532 huic
1006 1469 1248 1550 providentiae
1279 1490 1342 1537 na·

266 1572 375 1637 turali
397 1572 503 1636 etiam
526 1573 802 1654 cooperationem
828 1574 926 1640 bonis
949 1579 1137 1642 creaturae
1168 1579 1341 1660 operatio·

267 1681 369 1743 nibus
403 1679 544 1762 tribuat,
572 1684 737 1761 oportere,
776 1687 815 1744 ut
849 1682 1001 1762 gratiam
1038 1702 1175 1767 quoque
1213 1686 1341 1753 eadem

267 1786 487 1868 providentia
511 1788 798 1868 comprehensam
820 1806 897 1854 esse
919 1790 1014 1871 velit,
1048 1794 1087 1854 ut
1110 1793 1208 1872 patet
1234 1810 1284 1858 ex
1309 1813 1342 1858 n.

264 1894 328 1959 XI.
362 1894 401 1958 Id
425 1912 542 1960 exeo
565 1913 701 1978 quoque
734 1896 849 1979 colligi
882 1901 1004 1980 potest,
1036 1898 1128 1981 quod
1156 1898 1341 1966 Macarius

267 2002 507 2087 providentiae
520 2003 723 2067 relationem
742 2003 787 2066 ad
805 2004 980 2069 homiuem
994 2005 1214 2071 innocentem
1228 2012 1343 2073 vocat

264 2109 488 2190 ordinariam,
521 2110 727 2193 naturalem,
750 2116 785 2176 et
817 2114 935 2176 tamen
968 2112 1098 2195 pluries
1131 2113 1227 2196 apud
1255 2132 1341 2182 cun·

264 2218 345 2282 dem
380 2217 575 2282 Macarium
607 2217 697 2283 idem
730 2218 826 2283 Deus
858 2218 1047 2301 providens
1069 2220 1182 2303 primo
1205 2221 1342 2287 homini

264 2325 421 2408 gratiam
443 2325 488 2389 ad
511 2325 597 2390 bene
621 2325 836 2407 operandum
859 2326 979 2410 largiri
1005 2327 1132 2392 dicitur
1145 2325 1174 2407 ⁸).

375 2429 548 2512 Ceterum,
579 2436 617 2496 ut
650 2450 757 2515 supra
790 2433 950 2515 diximus,
983 2434 1043 2498 alii
1076 2435 1226 2518 theologi
1260 2455 1340 2520 pro·

266 2541 460 2606 videntiam
482 2543 517 2605 et
539 2540 691 2622 gratiam
715 2544 882 2623 tanquam
917 2559 1116 2624 synonyma
1139 2543 1342 2624 promiscue

266 2647 446 2727 adhibent;
468 2665 514 2732 ex
532 2666 600 2729 quo
619 2647 781 2729 efficitur,
801 2651 839 2712 ut
857 2649 1102 2713 naturalis
1127 2668 1254 2716 nomen
1269 2652 1342 2717 alio

263 2773 371 2822 sensu
394 2774 416 2819 a
440 2756 548 2819 russis
572 2759 732 2819 sumatur
755 2761 860 2839 atque
882 2774 904 2820 a
929 2756 1121 2822 catholicis.

376 2953 395 3017 ¹)
413 2949 545 3018 Marapiil.
570 2950 674 3002 Borocr.
693 2949 714 3014 l,
735 2949 828 3014 5120,
850 2967 877 3019 p.
897 2951 957 3005 596.
984 2950 1203 3003 ‹Ecrecreennull
1227 2954 1343 3006 chomor,

264 3039 462 3108 upousrmuenia
480 3039 570 3092 Horaia
589 3056 603 3091 o
621 3055 730 3100 mouera,
757 3056 881 3092 rocronra
902 3056 939 3092 aa
963 3057 1038 3104 rous,
1064 3057 1110 3093 nro
1127 3039 1199 3093 Bora
1217 3057 1343 3109 xpannrc

263 3147 326 3196 m,
347 3130 540 3197 conhhmnyerm
561 3145 618 3181 mm
642 3145 677 3181 aa
699 3129 798 3196 uoipoll
821 3131 1015 3190 alerannum
1039 3147 1057 3181 n
1081 3145 1267 3198 aanpaeuam‘s
1286 3149 1342 3185 uxr,
1383 3205 1386 3209 1

265 3236 302 3274 rte
320 3220 468 3280 noculsnneil
485 3220 557 3280 nium
574 3236 628 3271 nxn
646 3219 726 3271 duria
745 3235 905 3286 opeumaaun
923 3235 1144 3284 cameracensium,
1160 3236 1181 3271 r.
1196 3236 1219 3273 e.
1233 3236 1342 3289 uoopen-

262 3327 365 3363 creona
383 3327 450 3362 cirus
468 3327 486 3362 n
504 3325 643 3373 aanonoae,
663 3325 863 3362 nouomannenm
880 3326 916 3361 ss
934 3312 1065 3362 camah-ate
1090 3309 1212 3378 npnponh
1229 3312 1341 3364 aaronis·

266 3404 362 3454 neonoll
381 3417 399 3452 n
417 3417 453 3451 as
471 3401 590 3468 npnponh
608 3399 746 3463 anamael,
766 3416 785 3451 11
803 3415 995 3476 apapermenus
1016 3415 1214 3452 ememnenuaro
1231 3401 1341 3454 reueniu

266 3483 355 3551 centeii
374 3507 392 3542 n
410 3490 626 3542 oderoarenscraa
643 3505 679 3540 nn
697 3489 787 3557 triph».

175 3561 176 3566 '
375 3582 396 3644 π)
415 3578 547 3647 traam.
566 3579 671 3631 coroa.
691 3578 713 3645 1,
733 3582 748 3641 t
767 3580 792 3645 5,
811 3595 838 3647 p.
854 3579 901 3646 273
920 3577 994 3644 §aa
1012 3594 1039 3647 p.
1055 3578 1107 3632 aar
1123 3593 1165 3646 sq.
1185 3577 1340 3647 Quidquid

262 3675 319 3738 est,
341 3670 414 3724 haec
432 3670 542 3723 iterum
561 3669 646 3722 nobis
664 3668 841 3722 documento
861 3683 925 3721 esse
943 3672 1076 3737 possunt,
1096 3668 1245 3737 quomodo
1259 3671 1341 3725 russi

265 3761 436 3814 naturalem
456 3774 631 3813 concursum
659 3773 725 3811 cum
746 3758 966 3826 supernaturali
986 3757 1184 3826 identificent,
1212 3759 1262 3813 vel
1283 3761 1342 3815 sal-

266 3855 328 3904 tem
348 3848 541 3903 confundant.
