2872 4666
609 332 848 397 -165—

301 541 480 626 Quantum
499 560 584 609 vero
603 544 703 607 homo
722 545 889 625 processit
907 545 941 608 in
961 563 1026 608 sua
1044 546 1258 611 evolutione?

172 641 235 715 Id
259 658 352 717 certe
374 670 443 715 non
467 669 592 733 parum
610 670 630 716 e
648 652 811 732 temporis
834 652 945 733 spatio
965 653 1115 734 pendere
1133 653 1259 734 debuit,

176 777 262 844 quo
284 760 342 825 ille
364 759 400 822 in
425 759 586 841 paradiso
610 764 845 824 commoratus
867 765 929 824 est.
962 758 1028 825 Sed
1052 761 1143 824 russi
1166 762 1258 826 hanc

178 867 357 949 temporis
388 868 626 949 quaestionem
659 872 697 930 ut
729 867 918 948 plurimum
948 867 1082 931 silentio
1107 872 1258 949 praeter·

181 978 288 1054 eunt3
313 975 341 1037 si
364 992 449 1038 vero
473 980 621 1056 tangunt
644 974 779 1038 nonnisi
802 975 1004 1056 generatim,
1028 975 1138 1038 veluti
1157 975 1259 1038 iuxta

188 1081 403 1145 Philaretem
435 1062 534 1146 (iero.
566 1080 600 1144 id
633 1084 769 1161 tempus
803 1100 870 1144 non
903 1087 976 1144 tam
1012 1082 1119 1146 breve
1150 1082 1260 1145 fuisse

186 1187 454 1268 supponendum
474 1191 526 1252 est
538 1186 566 1269 ¹),
586 1188 685 1251 iuxta
705 1187 877 1253 Piatnicki
896 1193 1019 1252 contra
1038 1207 1107 1252 non
1126 1189 1259 1251 diutur-

187 1292 319 1373 num¹t
352 1293 451 1357 iuxta
479 1293 636 1359 Svietlov
659 1303 920 1376 protoparentes
944 1295 1155 1378 simulatque
1178 1313 1258 1359 con-

188 1401 304 1465 stituti
327 1403 466 1464 suntin
490 1402 650 1482 paradiso
673 1407 708 1466 et
730 1402 868 1483 expulsi
881 1401 910 1481 ⁸).
1111 1473 1112 1477 Ἰ

299 1505 475 1591 Quidquid
512 1518 572 1591 est,
609 1508 769 1574 Silvestri
810 1510 968 1591 opinione
1005 1511 1258 1575 admittendum

189 1619 243 1682 est
268 1618 418 1698 primurn
451 1618 623 1682 hominem
655 1618 725 1681 iam
759 1619 950 1699 possedisse
973 1619 1146 1701 quendam
1170 1619 1259 1683 veri-

190 1728 306 1795 tatum
330 1730 539 1805 apparatum
571 1742 663 1806 quae
694 1725 759 1806 ipsi
787 1727 1017 1791 essentialiter
1040 1725 1260 1791 necessariae

136 1854 142 1861 ·
190 1836 320 1912 essent,
352 1831 435 1914 quia
467 1849 568 1895 secus
600 1849 803 1913 progressus
835 1835 972 1915 generis
996 1833 1140 1898 humani
1163 1832 1260 1896 nullo

190 1939 293 2002 modo
329 1939 498 2021 explicari
536 1940 655 2020 possit;
688 1940 811 2004 saltem
843 1941 1092 2004 affirmandum
1125 1945 1179 2005 est
1203 1939 1259 2002 ho·

191 2045 321 2109 minem
344 2045 517 2128 quaedam
541 2046 781 2129 religiosarum
804 2055 838 2111 et
861 2047 1045 2110 moralium
1068 2048 1259 2112 veritatum

191 2152 327 2217 semina
359 2169 381 2215 a
410 2152 482 2217 Deo
504 2153 695 2234 accepisse;
729 2153 812 2236 quia
845 2156 912 2219 hae
945 2154 1112 2220 veritates
1146 2172 1169 2217 a
1201 2155 1258 2218 ho-

191 2259 285 2324 mine
308 2259 373 2322 sibi
395 2259 517 2323 relicto
540 2260 690 2325 inveniri
714 2279 781 2324 non
805 2269 949 2342 possunt
959 2260 991 2339 ⁴).

300 2363 460 2431 Ceterum
485 2384 566 2430 cum
589 2368 625 2430 in
648 2386 774 2448 genere
798 2369 995 2451 loquuntur,
1024 2387 1142 2434 omnes
1166 2369 1257 2433 russi

191 2472 406 2536 conveniunt
439 2474 609 2554 «primum
641 2475 813 2539 hominem
845 2493 913 2538 non
945 2476 1052 2540 fuisse
1074 2476 1140 2539 nisi
1163 2476 1259 2539 initio

191 2579 273 2643 viae
296 2580 341 2642 ad
365 2597 466 2643 suurn
489 2581 604 2663 linem,
627 2599 695 2644 non
719 2599 804 2646 vero
828 2599 934 2662 prope
957 2600 1068 2645 eum».
1104 2582 1177 2644 «Ab
1202 2582 1260 2645 ho-

192 2686 292 2765 mine,
316 2685 427 2769 inquit
450 2686 625 2767 Silvester,
649 2690 892 2771 requirebatur
910 2707 980 2751 non
1002 2689 1120 2753 brevis
1138 2689 1257 2771 aliqua

192 2793 251 2858 sed
270 2792 411 2857 assidua
430 2800 465 2858 et
482 2794 658 2859 indeflexa
677 2795 722 2858 ad
742 2795 854 2860 Deum
869 2795 1056 2875 tendentia,
1079 2796 1258 2860 tendentia

192 2899 235 2963 ad
259 2900 476 2981 spiritualem
509 2902 744 2984 moralemque
777 2902 859 2966 Eius
883 2903 1169 2967 assimilationem
1193 2920 1257 2985 ope

192 3005 244 3070 sui
269 3007 542 3071 confirmationis
565 3008 601 3071 in
624 3009 712 3072 bono
736 3028 797 3074 seu
822 3028 886 3091 ope
904 3009 1140 3092 acquisitionis
1158 3026 1259 3072 sanc-

191 3192 406 3203 *—

311 3327 478 3397 mapsa.
496 3329 578 3397 nepa.
598 3344 643 3398 op.
662 3345 686 3383 ο.
706 3334 722 3394 s
743 3331 801 3398 133,
821 3345 847 3398 p.
868 3330 928 3397 203,
949 3334 1020 3383 nota
1040 3331 1063 3382 1.
1104 3297 1111 3313 ’

311 3417 320 3480 )

302 3330 310 3361 1

300 3418 311 3450 ²
337 3416 502 3482 Hnrnnurdil,
523 3434 567 3487 op.
587 3434 610 3471 o.
631 3423 646 3482 ὅ
666 3419 710 3484 34,
729 3435 756 3487 p.
779 3419 837 3472 131.

301 3506 322 3571 Β)
340 3505 466 3575 Clemens,
486 3523 531 3576 op.
551 3524 574 3562 o.
596 3508 632 3576 II,
652 3513 667 3572 ἓ
685 3510 728 3576 39,
748 3525 775 3577 p.
796 3510 855 3563 150.

299 3597 320 3660 ⁴)
338 3594 511 3665 Cunaasmps,
523 3612 568 3666 op.
579 3613 603 3650 o.
614 3597 666 3665 III,
683 3598 750 3666 558,
761 3614 788 3667 p.
799 3598 952 3663 tao-426,
962 3599 1022 3651 vid.
1034 3613 1124 3666 supra
1132 3615 1158 3668 p.
1170 3599 1222 3653 135
1232 3628 1258 3636 -

177 3683 445 3750 1373Tnxnnnoniil,
466 3701 511 3753 op.
530 3702 553 3740 c.
575 3685 611 3752 ll,
631 3703 687 3739 1nn.
709 3687 749 3752 10,
769 3703 796 3755 p.
813 3687 967 3753 129-1333
985 3687 1152 3751 Hmnuuniii,
1176 3702 1221 3756 op.
1232 3703 1256 3740 c.

179 3773 261 3841 534,
277 3788 304 3841 p.
322 3773 474 3840 lae-1313
494 3781 524 3827 et
542 3776 574 3828 in
589 3789 699 3842 genere
714 3775 847 3828 eiusdem
862 3777 1028 3829 sentcntiae
1043 3781 1120 3841 sunt,
1135 3777 1188 3844 qui
1199 3785 1257 3828 tra-

177 3861 427 3918 ditionalismum
446 3863 677 3932 amplectuntur.
