2872 4666
604 359 824 427 ..56-

188 576 454 659 facultatesque,
477 593 569 659 quas
586 574 618 640 ei
637 592 659 638 a
677 578 806 639 natura
824 579 906 639 sunt
927 573 1031 639 datae
1042 572 1071 652 ¹).
1086 609 1123 620 -·
1139 568 1219 636 quta

186 682 361 748 hirtzanov
388 681 568 765 «imaginis
591 683 729 747 nominc
746 682 884 747 animae
902 682 997 746 vires
1014 698 1105 764 quac
1121 670 1222 744 homini

188 795 271 857 sunt
291 790 443 861 inditiae,
470 791 561 855 ratio
585 789 727 873 scilicet,
754 789 917 854 voluntas
948 792 984 854 et
1014 790 1159 854 allectus
1184 798 1224 850 uo
1291 850 1293 879 ἱ

189 917 287 965 cesse
319 904 372 964 est
405 897 658 981 intelligantur3
694 896 925 962 similitudinis
956 913 1041 961 vem
1073 896 1108 960 id
1129 897 1229 979 ipsun,

189 1006 281 1091 quod
319 1007 386 1073 hae
426 1006 522 1071 vires
563 1012 668 1089 aptae
710 1010 799 1088 sunt,
840 1020 929 1088 quae
970 1003 1015 1068 ad
1051 1020 1175 1070 vorum
1207 1001 1231 1064 et

184 1309 295 1364 cludit:
325 1310 441 1377 durana
466 1308 521 1362 Dei
547 1314 630 1378 (prae
655 1309 772 1371 ceteris)
795 1308 886 1362 ctiam
913 1307 944 1360 in
973 1306 1046 1362 reali
1070 1307 1242 1376 perfectione

187 1399 387 1469 spiritualium
416 1399 505 1468 primi
532 1399 660 1454 hominis
684 1398 794 1451 virium
822 1426 855 1437 -
880 1396 912 1450 in
937 1410 1040 1450 earum
1064 1395 1248 1462 rectitudine,

187 1496 333 1558 quantum
354 1496 491 1541 creatura
510 1496 554 1541 est
573 1502 678 1557 capax,
695 1487 856 1541 consistit».
875 1486 1013 1554 mampsis
1030 1484 1146 1554 sepum.
1165 1500 1210 1555 op.
1227 1499 1250 1538 e.

183 1578 206 1637 Ι.
227 1582 242 1644 5
264 1578 324 1645 tat,
348 1595 375 1649 p.
396 1578 456 1633 196.
488 1575 546 1633 Sed
572 1578 692 1632 nomine
717 1574 904 1631 rectitudinis
927 1576 1062 1644 (spanum)
1086 1574 1252 1629 Philarctes

187 1649 272 1725 feru.
301 1667 446 1736 intelligit
474 1666 587 1736 aliquid
616 1681 697 1720 mero
724 1665 871 1733 naturale,
897 1670 931 1718 ut
955 1668 1038 1733 patet
1055 1678 1096 1718 ex
1114 1665 1157 1718 cis
1176 1678 1252 1733 quac

183 1758 358 1813 citavimus:
377 1757 567 1827 paragrapho
587 1757 722 1825 sequenti
740 1759 767 1822 (ς
788 1755 849 1821 129)
872 1755 963 1808 etiam
989 1753 1129 1822 obiurgat
1153 1754 1255 1807 catho-

182 1847 262 1905 licos,
282 1846 360 1916 qrrod
383 1845 608 1900 «rectitudinem
627 1849 690 1913 (seu
707 1843 867 1910 iustitiam)
888 1858 949 1897 non
966 1843 1134 1896 naturalem
1154 1848 1255 1912 proto-

184 1943 341 2005 parentum
358 1942 470 1989 statum
486 1936 578 1990 irrlssc
591 1936 755 1991 afiirmant.
776 1933 826 1988 sed
842 1933 968 2002 speciale
982 1933 1099 2002 gratiae
1113 1931 1256 1986 donum».

185 2025 277 2081 Porro
306 2024 356 2079 ille
384 2025 469 2079 docet
499 2025 648 2080 Adamum
676 2024 770 2078 inissa
797 2023 916 2093 quidem
949 2025 1144 2089 innocentem,
1179 2036 1260 2091 puro·

183 2114 280 2173 corde.
300 2116 364 2169 sino
383 2115 504 2169 deiectu
522 2124 553 2169 et
572 2115 661 2181 viti03
693 2143 726 2153 -
755 2113 806 2167 sed
835 2113 1024 2167 sanctitatem
1048 2117 1079 2165 et
1104 2111 1257 2165 iustitiam

188 2204 320 2259 noudum
341 2204 513 2274 praesedisse,
532 2220 583 2259 eas
603 2214 665 2258 tum
685 2204 839 2273 acquirere.
858 2201 1001 2257 debuisse.
1032 2201 1112 2270 Ergo
1136 2201 1162 2257 si
1189 2216 1257 2254 rem

183 2302 306 2364 epactes,
324 2295 465 2348 convenit
484 2310 550 2347 eum
570 2296 613 2347 eis
633 2294 684 2363 qui
703 2292 845 2361 imaginis
858 2292 977 2346 nominc
990 2305 1096 2360 puram
1109 2295 1259 2343 naturam

184 2383 367 2450 intelligunt.
388 2413 419 2422 —
440 2383 537 2436 Etiam
564 2399 602 2437 ex
622 2384 665 2436 eis
691 2383 742 2452 qni
767 2381 958 2450 distinguunt
983 2380 1062 2434 inter
1085 2380 1258 2448 imaginem

184 2480 215 2527 et
235 2472 471 2539 similitudinem,
508 2472 666 2526 Pbavorov
685 2480 716 2526 et
735 2471 882 2526 Rudaleov
905 2486 972 2524 cum
990 2470 1116 2539 primam
1135 2470 1168 2522 in
1188 2469 1259 2538 ipsa

181 2570 288 2615 natum
308 2564 427 2615 aniuute
453 2561 608 2629 collocant,
634 2562 761 2615 alteram
790 2560 921 2614 «iustitia
938 2565 969 2613 et
986 2558 1145 2613 sanctitate
1171 2559 1256 2611 veri-

183 2650 269 2704 tatis»
291 2660 427 2705 constare
446 2650 567 2717 docent3
593 2650 643 2704 sed
668 2650 738 2719 quid
765 2651 877 2718 primus
903 2649 949 2702 his
968 2649 1067 2702 verbis
1089 2647 1259 2716 intelligat?

183 2739 330 2793 incertum
351 2746 404 2799 est.
424 2741 501 2794 alter
515 2741 558 2794 eis
572 2739 716 2809 inteiligit
732 2740 891 2793 veritatem
907 2748 938 2793 et
952 2739 1103 2806 virtutem,
1122 2736 1160 2790 ad
1176 2752 1260 2806 quas

185 2830 272 2882 houm
300 2830 420 2884 tendere
442 2829 554 2884 debuit.
580 2829 723 2899 tlaaupom.
741 2846 786 2898 op.
805 2845 838 2885 c..
857 2846 913 2883 aru.
931 2829 957 2897 6,
983 2845 1010 2897 p.
1029 2828 1077 2893 81;
1101 2827 1259 2894 Pynauossr

179 2932 223 2986 op.
243 2933 268 2971 c.
288 2922 304 2982 ς
323 2919 366 2977 36.
387 2935 413 2987 p.
432 2920 547 2974 tio-to.
567 2949 601 2960 -
622 2918 764 2973 Nonnihil
790 2920 878 2973 aliter
909 2933 970 2972 rem
996 2917 1123 2986 concipit
1153 2916 1257 2972 Anto·

103 3010 107 3019 ’
182 3006 256 3060 rrius.
286 3007 315 3059 ls
333 3007 474 3075 imaginis
493 3011 614 3063 nonrine
633 3009 777 3077 inteiligit
796 2992 909 3077 pariter
927 3024 961 3061 ac
980 3007 1072 3061 ceteri
1089 3009 1185 3076 ipsam
1205 3023 1253 3061 ra·

178 3095 326 3149 tionaltm
347 3097 473 3151 hominis
492 3108 647 3164 maturam3
666 3099 869 3152 similitudinis
888 3112 961 3151 vero
979 3096 1098 3151 nomina
1114 3096 1258 3151 ‹rectitu-

182 3183 282 3238 dinem
293 3188 410 3243 mentis.
425 3187 635 3249 innocentiam,
654 3190 815 3257 puritatem
830 3188 926 3241 cordis
940 3194 1113 3256 ceterasque
1120 3186 1258 3241 virtutes·

179 3283 209 3324 et
232 3274 456 3339 perfectiones»,
477 3292 552 3330 ‹rron
573 3277 667 3332 solum
687 3276 726 3334 id.
753 3278 831 3345 quod
856 3278 952 3346 primo
971 3277 1082 3329 homini
1100 3278 1198 3330 inerat
1219 3279 1252 3330 vi

183 3361 341 3417 craetionis
360 3363 436 3429 cased
455 3365 484 3416 :d
505 3360 587 3425 eleari,
614 3367 756 3421 sedetiam
781 3367 860 3435 qttod
886 3382 923 3420 ex
948 3367 1011 3420 eius
1037 3367 1193 3421 voluntate
1220 3373 1257 3420 et·

184 3450 341 3505 activitate.
369 3453 446 3517 (aazia
472 3453 517 3519 τὴν
545 3458 700 3526 προαίρεσινδ
728 3456 858 3525 pendere
885 3456 1014 3513 debuit»,
1039 3471 1111 3524 ergo
1134 3456 1256 3524 aliquid

186 3539 363 3605 acquisitum
390 3542 438 3595 vel
463 3545 686 3612 acquirendum.
715 3547 744 3599 ls
766 3548 840 3599 citat
866 3563 887 3600 s.
906 3547 992 3602 ioan.
1018 3546 1192 3599 Damascen.
1211 3546 1250 3600 dc

175 3623 256 3679 Orth.
272 3627 353 3682 Fide.
368 3630 386 3681 l.
402 3630 439 3686 li.
458 3647 482 3684 c.
499 3635 532 3685 tt
547 3641 576 3686 ct
592 3649 613 3686 S.
628 3633 753 3702 Gregor.
773 3635 859 3704 Nyso.
874 3636 982 3689 Homii.
997 3636 1028 3687 in
1043 3633 1149 3689 Genes.
1165 3636 1189 3702 1,
1205 3635 1252 3690 26.

188 3714 268 3783 Ergo
288 3719 310 3769 si
332 3733 393 3771 rem
421 3733 542 3788 spectes.
571 3724 650 3776 inter
678 3725 832 3793 theologos
861 3741 958 3778 russos
985 3725 1022 3778 de
1050 3726 1191 3794 imaginis
1221 3734 1259 3780 et

183 3804 387 3860 similitudinis
405 3812 595 3879 conceptibus
614 3829 673 3866 non
693 3822 738 3867 est·
757 3824 874 3869 tantum
893 3815 1059 3870 discrinun.

283 3897 302 3959 ¹)
322 3894 465 3963 cesinam,
486 3914 530 3969 op.
550 3915 573 3953 c.
594 3900 615 3967 l,
636 3906 651 3964 θ
670 3902 713 3957 aa.
733 3919 760 3970 p.
780 3904 839 3955 301.
