2872 4666
537 347 781 414 -199—

226 563 266 627 ΙΙ.
292 565 320 627 1.
343 560 443 642 Quod
462 567 580 627 autem
599 563 830 628 evolutionem
850 563 983 645 attinet,
1002 564 1103 627 homo
1123 559 1186 646 per

130 668 161 723 te
184 670 299 753 ipsum,
323 669 403 733 solis
427 669 574 751 propriis
607 669 741 733 viribus
774 669 924 751 relictus,
958 669 1053 733 nullo
1087 671 1186 734 modo

46 780 52 789 '
118 773 228 839 rotun
248 775 381 855 evolvi;
413 775 477 839 sub
501 776 566 839 hoc
590 781 751 856 respectu
775 775 833 841 ille
857 775 1015 841 absolute
1038 776 1187 859 indiguit

107 877 263 947 Provida
287 882 353 947 Dei
376 882 624 963 cooperatione.
667 880 777 945 Homo
800 882 901 965 enim,
925 900 995 965 qua
1019 886 1185 947 creatura

97 985 188 1071 cst,
202 992 368 1054 limitatus
391 993 426 1054 et
448 990 567 1054 finitus
590 993 643 1055 est
667 994 772 1072 atque
795 989 946 1054 deiicere
979 993 1104 1071 potest;
1136 990 1186 1053 in‘-

88 1071 226 1178 diguit
247 1115 331 1180 ergo
350 1097 497 1178 provida
517 1097 581 1162 Dei
600 1096 850 1161 sustentatione
868 1102 903 1162 et
922 1097 1185 1177 confortatione

77 1186 281 1268 perfectio
305 1222 445 1287 quoque
464 1203 611 1267 hominis
634 1222 702 1267 non
726 1207 803 1268 erat
822 1203 886 1268 nisi
906 1204 941 1268 in
960 1205 1123 1285 germine,
1146 1205 1183 1268 in

68 1290 282 1391 potentia
315 1328 384 1374 non
416 1315 552 1392 poterat
575 1310 681 1392 igitur
703 1310 822 1375 evolvi
845 1311 919 1375 sine
942 1311 1080 1376 influxu
1104 1329 1186 1395 quo-

63 1382 199 1479 dam
221 1421 375 1482 externo.
408 1416 498 1482 Dein
521 1417 656 1481 viribus
679 1417 826 1480 hominis
850 1417 932 1482 iicet
954 1418 1092 1482 eximiis
1115 1436 1184 1481 non

58 1502 383 1600 ,QQntinebantur
407 1524 473 1588 nisi
496 1525 641 1607 pignora
664 1526 804 1590 futurae
828 1525 1057 1607 perfectionis,
1089 1543 1181 1608 quae

56 1603 241 1694 1¹:erum
274 1649 343 1694 non
375 1635 536 1712 poterant
568 1631 680 1694 excoli
709 1632 781 1695 sine
815 1631 957 1712 speciali
992 1632 1188 1696 Provisoris

53 1714 212 1801 Qlira.
236 1737 390 1802 Tandem
414 1741 448 1802 et
471 1738 615 1802 libertas
638 1738 794 1818 hominis,
823 1755 905 1802 cum
928 1757 1040 1821 aeque
1063 1738 1109 1802 ad
1127 1739 1186 1803 eli-

58 1825 265 1910 &endum
290 1849 324 1910 et
347 1846 475 1909 bonum
494 1850 530 1910 et
543 1846 680 1909 malum
695 1849 779 1928 apta
795 1847 846 1927 sit,
872 1851 909 1909 ut
929 1845 1055 1909 bonum
1072 1845 1185 1928 potius

60 1940 220 2034 Qligat
253 1970 360 2035 quam
385 1953 525 2035 malum,
559 1953 691 2034 pariter
718 1954 814 2034 eguit
847 1954 991 2034 speciali
1022 1952 1088 2017 Dei
1123 1972 1186 2034 ope

74 2051 323 2142 &eugratiae
352 2060 537 2124 Praeterea
561 2059 661 2122 homo
687 2060 722 2123 vi
750 2059 939 2140 impressae
972 2060 1003 2124 ei
1023 2059 1184 2141 imaginis

87 2160 233 2233 debuit
270 2167 410 2232 tendere
447 2167 492 2230 ad
530 2167 789 2232 similitudinem
826 2167 892 2232 Dei
924 2167 1185 2250 acquirendam,

96 2285 205 2358 quae
224 2273 381 2338 infinitae
401 2275 620 2355 perfectionis
635 2279 695 2339 est.
720 2274 811 2356 Ergo
835 2274 935 2337 homo
959 2274 1093 2339 ratione
1115 2292 1186 2338 nar

107 2384 253 2446 turae
285 2381 530 2463 imaginis,
563 2399 654 2465 quae
677 2383 708 2447 ei
732 2401 754 2446 a
777 2380 942 2446 Creatore
966 2383 1075 2447 indita
1099 2387 1185 2464 erat,

108 2488 272 2553 absolute
295 2489 442 2569 indiguit
466 2489 612 2569 provida
636 2488 877 2569 cooperatione
901 2507 961 2554 seu
985 2491 1109 2571 gratia.

203 2596 252 2659 .2.
276 2595 390 2677 Atque
414 2596 509 2659 Deus
533 2596 700 2676 provisor,
724 2613 794 2677 qua
818 2595 952 2660 infinite
985 2594 1095 2659 bonus
1124 2601 1184 2678 est,

111 2701 291 2766 succurrit
327 2702 423 2766 huic*
446 2701 592 2765 hominis
629 2701 851 2783 indigentiae:
893 2704 920 2779 1)
958 2703 1190 2766 sustentando·

111 2827 194 2874 eum
218 2814 323 2890 atque
347 2809 572 2873 confortando
596 2827 640 2873 ne
662 2808 835 2891 deiiceret,
849 2809 890 2886 ¹2)
913 2808 1056 2889 speciali
1085 2810 1187 2873 modo

44 2994 47 2999 ⁴
109 2916 145 2980 ei
168 2917 394 2997 cooperando,
428 2922 465 2979 ut
497 2917 614 2980 evolvi
637 2933 681 2979 ac
705 2915 865 2996 progredi
889 2918 1011 2996 posset,
1036 2917 1112 2980 sive
1135 2916 1189 2980 in»

111 3023 216 3086 fluxu
240 3030 383 3087 externo
405 3023 556 3107 quodam
580 3022 654 3087 eius
677 3022 865 3087 facultates
890 3022 1083 3104 excitando,
1108 3024 1184 3089 sive

116 3147 210 3193 more
239 3130 432 3212 paedagogi
466 3139 501 3196 et
533 3129 758 3194 moderatoris
795 3148 876 3194 eum
912 3130 1113 3195 instruendo
1149 3136 1185 3196 et

10 3296 12 3300 .
112 3237 304 3318 educand0,
328 3237 403 3301 sive
426 3237 569 3319 speciali
593 3237 727 3301 ratione
751 3237 787 3300 in
806 3237 879 3318 ipso
899 3254 1084 3318 progressu
1103 3255 1184 3302 eum

113 3343 322 3406 adiuvando.

222 3449 336 3532 Atque
368 3451 463 3515 hisce
495 3451 692 3515 continetur
729 3451 852 3515 relatio
890 3449 955 3515 Dei
993 3450 1184 3530 provisoris

113 3558 159 3621 ad
183 3558 334 3639 primum
357 3558 538 3622 hominem.
585 3557 684 3623 Haeo
715 3561 798 3621 sunt
829 3557 962 3621 auxilia
994 3558 1185 3638 provisoris

113 3664 206 3747 quae'
227 3664 333 3728 etiam
357 3665 494 3730 nomine
517 3665 653 3748 gratiae
672 3665 832 3746 veniunt;
855 3665 994 3747 proprie
1011 3669 1130 3729 tamen
1149 3670 1185 3730 et

113 3773 234 3835 stricte
267 3773 331 3836 hoc
365 3791 489 3838 nomen
513 3773 653 3837 videtur
676 3773 721 3836 ad
745 3773 854 3836 solam
879 3772 974 3835 iilam
1000 3772 1184 3854 providam

112 3877 391 3959 cooperationem
414 3879 666 3960 designandam
697 3879 869 3963 restringi.
915 3877 1090 3961 Quidquid
1122 3887 1184 3960 est,

111 3986 147 4050 id
171 3991 289 4049 tamen
322 3993 457 4050 certum
490 3995 616 4063 manet,
650 4005 775 4070 russos,
809 3987 837 4050 si
870 3986 953 4069 quid
986 3987 1130 4068 gratiae,
1155 3986 1184 4049 si
