2872 4666
650 359 891 424 -139-

174 568 274 636 bis
306 572 558 654 doloribusque.
583 572 670 636 Item
696 574 833 656 utrique
857 574 893 638 in
917 574 1028 654 primo
1051 575 1189 639 homine
1207 576 1304 656 poni·

175 696 307 744 nius
331 679 479 743 eximias
502 697 584 744 cnm
607 681 761 761 corporis
781 685 855 744 tum
874 681 980 745 animi
1001 683 1094 747 vires
1110 683 1302 747 naturales:

173 786 408 852 excellens
439 786 624 868 ingenium,
656 795 791 852 rectam
824 790 1049 871 voluntatem,
1082 807 1142 852 cor
1166 807 1302 871 purum.

177 892 316 959 Cum
343 893 434 956 russi
457 893 492 957 in
517 894 675 958 bociam
699 895 835 977 sistunt,
863 894 1029 959 catholici
1059 896 1204 960 ulterius
1228 913 1304 977 pro·

188 1001 363 1067 cedunt
386 1006 491 1083 atque
515 1001 639 1065 docent
664 1002 861 1066 naturalem
885 1002 1032 1066 hominis
1056 1003 1300 1068 excellentiam

180 1106 487 1174 nummulatam
511 1125 586 1172 esse
605 1125 627 1170 a
646 1106 843 1173 Decetiam
867 1109 1002 1173 eximiis
1026 1109 1123 1173 donis
1147 1109 1303 1190 positivis

194 1221 304 1280 tum
331 1219 472 1294 praeter
495 1218 567 1278 tum
593 1215 929 1295 supernaturalibus,

340 1320 445 1384 Porro
470 1322 504 1384 si·
522 1339 700 1385 sumamus
723 1324 952 1403 proprietates
976 1323 1123 1387 hominis
1146 1329 1181 1387 et
1204 1340 1303 1405 prae·

182 1428 422 1512 rogativas,
454 1428 489 1491 in
521 1428 646 1511 quibus
680 1429 870 1493 tribuendis
904 1430 1041 1512 utrique
1065 1432 1302 1509 convenimus,

191 1553 313 1602 cum
356 1535 520 1599 catholici
556 1535 809 1601 immunitatem
852 1542 926 1600 tum
963 1556 985 1601 a
1022 1538 1304 1619 concupiscentia

186 1650 303 1709 tum
341 1661 364 1705 a
397 1642 524 1706 morbis
548 1643 791 1726 doloribusque
814 1645 884 1707 iam
909 1648 947 1708 ut
971 1646 1060 1708 dona
1085 1649 1303 1727 praternatu·

194 1753 320 1816 ralia
357 1750 579 1815 considerant
607 1755 711 1833 atque
736 1770 781 1815 ex
804 1752 948 1832 speciali
972 1752 1037 1818 Dei
1061 1752 1228 1817 beneficio
1252 1769 1302 1816 re-

187 1862 375 1942 ·petunt3
408 1857 497 1921 russi
531 1856 785 1921 distinctionem
818 1858 908 1921 inter
941 1859 1032 1923 bona
1065 1858 1241 1922 naturalia
1270 1863 1305 1922 et

204 1965 499 2049 praenaturalia
523 1982 591 2028 non
615 1970 831 2046 cognoscunt
854 1970 968 2048 atque,
991 1965 1158 2048 quidquid
1173 1965 1302 2028 homini

190 2076 326 2155 dant,
353 2071 574 2136 considerant
609 2078 647 2135 ut
678 2074 840 2138 naturale
868 2091 912 2138 ac
936 2074 1089 2139 debitum
1114 2090 1225 2155 neque
1251 2090 1301 2137 re·

194 2183 357 2265 *petunt
380 2179 444 2242 nisi
467 2196 513 2244 ex
536 2181 689 2243 naturali
715 2180 861 2243 hominis
890 2180 1141 2245 constitutione.

342 2285 372 2349 3.
404 2284 458 2348 Ex
494 2304 563 2368 quo
599 2286 760 2367 eiiicitur,
798 2291 836 2350 ut
875 2290 987 2350 status
1026 2287 1190 2366 hominis,
1223 2303 1305 2349 cum

196 2414 241 2460 <a
276 2392 443 2456 manibus
480 2391 545 2458 Dei
583 2394 772 2474 prodiisset
810 2411 990 2457 russorum
1028 2394 1198 2458 sententia
1236 2410 1305 2455 non

212 2500 340 2566 fuerit
368 2501 432 2563 nisi
452 2501 556 2582 plane
579 2500 760 2564 naturalis.
806 2499 873 2580 Qui
907 2502 936 2564 si
969 2503 1192 2582 comparetur
1224 2517 1305 2562 cum

204 2608 384 2673 -statibus
415 2625 501 2689 quos
534 2608 697 2671 catholici
731 2608 955 2689 distinguunt,
990 2607 1142 2670 maxime
1168 2606 1307 2670 accedit

218 2716 276 2779 ad
311 2717 443 2776 statum
478 2718 627 2778 naturae
660 2715 825 2796 integrae,
857 2715 940 2797 quia
972 2714 1078 2778 ctiam
1106 2713 1307 2776 immunitas

216 2828 309 2885 tum
347 2837 369 2882 a
403 2821 687 2901 concupiscentia
725 2825 799 2884 tum
837 2839 859 2884 a
897 2821 1025 2884 morbis
1061 2819 1305 2900 doloribusque

208 2947 252 2992 a
278 2926 390 2990 russis
413 2927 448 2990 in
472 2946 511 2992 eo
536 2928 686 3008 ponitur;
711 2927 770 2991 sed
795 2932 829 2992 et
851 2928 984 2992 recedit
1004 2927 1135 3006 abillo,
1158 2926 1241 3008 quia
1262 2928 1305 3003 et,

229 3041 355 3101 cetera
388 3034 479 3097 dona
507 3035 824 3115 praeternaturalia
857 3035 1184 3116 praetermittuntur
1206 3041 1241 3098 et
1264 3050 1306 3096 ea

211 3160 326 3225 quae
359 3140 496 3219 dantur,
530 3142 658 3205 dantur
693 3151 730 3205 ut
753 3146 903 3206 naturae
927 3141 1051 3207 debita.
1098 3142 1213 3222 Atque
1242 3139 1306 3202 sub

232 3251 301 3313 hoc
325 3254 487 3328 respectu
510 3248 569 3314 ille
592 3267 772 3313 russorum
796 3252 908 3312 status
932 3248 1056 3314 recidit
1079 3248 1124 3311 ad
1148 3251 1306 3310 nostrum

218 3362 367 3419 :statum
391 3362 539 3420 naturae
563 3374 673 3437 purae
686 3356 714 3433 ¹).

344 3460 410 3526 Sed
425 3481 608 3543 summum,
632 3480 700 3545 quo
724 3463 781 3526 ille
806 3480 985 3526 russorum
1009 3465 1122 3525 status
1145 3479 1167 3524 a
1191 3464 1307 3523 nostro

243 3573 332 3632 statu
356 3571 431 3634 sive
451 3580 598 3636 naturae
618 3587 727 3651 purae
746 3573 820 3634 sive
840 3574 988 3633 naturae
1007 3569 1163 3651 integrae
1183 3568 1308 3647 diflert,

225 3694 278 3739 eo
302 3677 506 3758 continetur,
538 3678 630 3760 quod
663 3680 698 3741 in
731 3678 800 3756 illo,
832 3677 897 3742 etsi
921 3676 1093 3739 naturalis
1117 3694 1191 3739 esse
1215 3674 1307 3738 diea-

242 3786 306 3864 tur,
338 3783 408 3846 iam
441 3785 579 3865 ponitur
611 3784 781 3848 ordinatio
811 3783 957 3847 hominis
981 3783 1026 3845 ad
1051 3783 1219 3847 visionem
1243 3780 1309 3843 Dei

349 4016 367 4078 ¹)
384 4014 538 4068 Terminos
558 4016 703 4068 sumimus
724 4015 810 4068 iuxta
831 4014 958 4066 Billuart
973 4028 1017 4082 op.
1037 4028 1061 4065 c.
