2872 4666
607 318 825 383 ..51-

175 535 316 598 ultimos
345 533 521 615 articulos
554 531 613 614 qui
647 533 716 594 iam
750 531 947 612 specialiter
980 535 1110 596 statum
1144 535 1247 615 primi

175 641 324 705 hominis
348 639 546 720 respiciunt.

177 855 228 908 sed
241 855 277 906 de
289 854 405 921 origine
420 854 538 905 animae
554 852 738 921 singulorum
750 853 950 906 hominum-
960 854 1095 922 Archiep.
1111 853 1248 924 Nicanor,

177 961 238 1014 qua
258 949 302 997 est
322 943 445 995 libidine
465 942 661 1010 impugnandi
682 941 850 1010 catholicos,
866 957 967 996 corum
986 944 1165 997 doctrinam:
1185 947 1247 998 am-

179 1051 244 1088 mas
263 1034 434 1086 immediate
453 1049 470 1084 a
491 1032 553 1085 Deo
572 1032 666 1085 creari
694 1046 733 1084 ex
759 1031 852 1085 nihilo
873 1033 1101 1102 corporibusque
1121 1035 1248 1102 infundi,

179 1125 334 1177 haereseos
361 1129 391 1177 ct
415 1123 560 1175 novitatis
595 1123 696 1189 arguit
733 1121 900 1190 (Ηιιιαιιιοικι,ο
926 1123 1035 1183 Bechua.
1063 1123 1140 1177 CIIB.
1171 1125 1249 1193 1889,

179 1231 206 1282 p.
227 1215 252 1281 5,
273 1214 317 1280 84)
336 1229 517 1282 quamquam
545 1219 575 1264 et
603 1213 659 1280 ipsi
686 1213 763 1264 russi
786 1212 822 1265 de
848 1214 1015 1267 animarum
1045 1214 1161 1281 origine
1188 1229 1249 1267 non

179 1309 282 1359 omnes
303 1303 432 1357 eiusdem
453 1308 522 1355 sunt
541 1302 715 1355 sententiae.
736 1332 769 1340 -
789 1302 850 1354 Alii
877 1303 955 1355 enim
983 1303 1248 1356 traducianismum

179 1409 232 1448 seu
253 1394 362 1447 rectius
381 1392 667 1460 generationismum
687 1397 810 1445 tuentur
827 1399 875 1445 ut:
895 1393 1034 1460 humpen.
1047 1392 1130 1460 qepn.
1148 1392 1248 1458 liema-

178 1501 237 1536 um.
257 1487 359 1535 Beroea.
380 1481 402 1547 I,
423 1485 438 1545 ξ
459 1481 518 1548 126,
538 1497 565 1548 p.
588 1480 651 1547 1943
671 1511 703 1518 —
724 1481 902 1545 honorante,
923 1482 1021 1550 apxien.
1039 1482 1152 1550 Xepcon.
1169 1481 1248 1550 Coep-

179 1590 254 1625 umn.
272 1589 324 1625 nas
342 1571 436 1629 ueirnilt
454 1571 591 1622 deminum,
610 1571 716 1638 npolliec.
741 1569 813 1622 Hice.
839 1571 905 1638 llyx.
932 1570 1012 1633 Attea.
1034 1572 1110 1640 1885,
1136 1588 1164 1640 p.
1185 1573 1250 1639 123;

184 1665 247 1732 ipse
267 1676 383 1730 quoque
403 1660 557 1728 timenem,
578 1676 622 1728 op.
642 1675 666 1712 c.
685 1676 713 1728 p.
733 1661 776 1714 84.
796 1691 829 1698 -
848 1660 910 1714 Alii
930 1677 997 1714 cum
1017 1660 1170 1714 catholicis
1189 1676 1250 1714 am-

180 1753 354 1821 plectuntur
372 1750 627 1818 creatianismum3
646 1765 684 1804 ex
703 1752 745 1803 eis
765 1752 816 1820 qui
836 1766 906 1820 prae
926 1752 1064 1806 manibus
1082 1752 1167 1806 nobis
1182 1757 1252 1805 sunt

182 1842 231 1895 hie
251 1842 344 1894 citare
362 1856 517 1909 possumus
536 1841 632 1893 solum
652 1839 826 1909 Causncmps.
853 1840 950 1895 Ouum
968 1842 1054 1910 lipae.
1072 1841 1181 1905 lterum.
1201 1841 1251 1894 Bo·

180 1931 309 1985 rochonis.
329 1931 393 1991 Hau.
413 1931 438 1983 9.
457 1930 541 1983 Κίοιο)
560 1930 638 1998 1889,
659 1929 711 1998 ΙΙΙ,
732 1935 747 1995 ᾖ
767 1931 810 1998 48,
831 1946 858 1999 p.
878 1932 939 1985 339.
961 1961 993 1968 -
1013 1931 1115 1984 Tertia
1141 1931 1250 1984 theolo-

182 2037 290 2090 gorum
310 2020 420 2088 classis,
441 2035 565 2088 quorum
585 2021 684 2087 opinio
704 2021 790 2073 hodie
810 2023 975 2074 communis
994 2027 1047 2084 est,
1074 2026 1103 2073 et
1126 2035 1251 2088 genera-

184 2113 359 2165 tianismum
378 2117 408 2162 et
427 2110 669 2162 creatlanismum
688 2110 774 2162 reicit
794 2115 883 2178 atque
899 2110 1013 2179 aliquid
1028 2109 1158 2163 medium
1174 2112 1253 2163 inter

183 2207 347 2267 utrumque
358 2199 504 2252 fabricare
515 2199 628 2251 nititur.
647 2198 795 2251 «Ecclesia
804 2197 978 2267 orthodoha,
989 2201 1086 2268 inquit
1098 2199 1252 2267 Macarius,

183 2290 291 2343 innixa
302 2304 323 2341 s.
334 2286 505 2355 Scripturae
524 2287 655 2341 textibus
670 2287 757 2351 (Eccl.
774 2288 815 2355 12,
831 2289 861 2355 73
881 2289 917 2340 Is.
934 2289 977 2356 la,
991 2291 1020 2353 ὃς
1040 2290 1082 2357 57,
1100 2290 1146 2354 16;
1167 2289 1252 2341 Zach.

184 2378 227 2445 12,
250 2380 278 2443 13
298 2378 314 2430 2
334 2377 439 2429 Maehb
457 2377 482 2443 7,
503 2377 619 2443 92—24)
646 2392 761 2445 semper
787 2378 851 2430 eius
877 2378 934 2430 luit
960 2384 990 2431 et
1016 2386 1060 2431 est
1087 2379 1253 2431 sententiae

184 2468 301 2521 animas
321 2466 466 2519 humanas
486 2466 580 2519 creari
600 2481 618 2518 a
637 2465 725 2518 Deo».
745 2465 890 2519 Provocat
910 2467 947 2519 ad
967 2465 1074 2520 Concil.
1095 2482 1206 2521 eccum.
1228 2466 1253 2519 V

184 2557 367 2610 Sententiam
386 2561 488 2608 contra
503 2554 674 2624 Origenem:
698 2551 742 2605 «ἹΙ
758 2555 876 2620 ἐκκλησία
887 2561 937 2616 τοῖς
954 2558 1031 2616 {laea
1047 2550 1152 2626 ἑπομένη
1167 2556 1254 2625 λόγοις

185 2646 274 2716 φάσκει
295 2646 340 2710 τήν
360 2643 441 2714 ψυχὴν
461 2646 726 2715 συνδημιουργηθῆναι
745 2652 781 2714 τῷ
802 2645 916 2715 σώματι»
934 2645 1038 2713 (Mansi
1064 2645 1115 2713 IX,
1138 2661 1165 2713 p.
1190 2646 1255 2710 396)

185 2742 216 2790 et
236 2734 275 2787 ad
295 2732 423 2786 Confess.
443 2733 523 2786 Orth·
543 2749 570 2800 p.
592 2735 615 2801 1,
635 2749 662 2801 q.
682 2733 729 2787 28:
758 2733 809 2784 ‹Td
830 2740 904 2803 σῶμα
924 2734 952 2785 τὸ
973 2734 1135 2804 ἀνθρώπινον
1156 2734 1205 2785 ἀπὸ
1226 2734 1254 2785 τὸ

184 2826 284 2894 σπέρμα
311 2829 357 2874 τοῦ
376 2822 457 2892 ’.Ιδᾶιι
476 2823 627 2892 καταβαίνει·
648 2822 689 2892 μοί
708 2824 723 2887 ἡ
745 2822 829 2893 ψυχὴ
850 2825 985 2891 γίνεται
1005 2823 1067 2874 ἀπὸ
1087 2823 1144 2874 τὸν
1164 2824 1254 2888 esto,

185 2911 279 2973 καθὼς
298 2913 366 2980 λέγει
384 2914 400 2978 ἡ
420 2913 530 2982 Γραφή,..
559 2911 593 2981 poi
620 2914 650 2962 ἄν
669 2912 763 2976 ἤθελεν
783 2907 845 2963 εἶναι
865 2914 906 2963 καί
926 2911 989 2977 αὒτί,
1009 2914 1037 2978 (ἡ
1058 2911 1137 2982 ψυχὴ)
1157 2911 1206 2962 ἀπὸ
1226 2911 1255 2962 τὸ

182 3003 252 3054 ἴδιον
272 3003 378 3071 σπέρμα,
398 3003 462 3052 tuot
483 2995 543 3052 εἶναι
563 3003 605 3051 καί
624 3001 652 3051 τὸ
672 3003 754 3071 κορμί,
775 3001 833 3071 μάζι
850 3001 953 3053 illelmi
969 3002 1194 3066 συναποθνήσκειν·
1215 3003 1256 3052 καί

186 3094 287 3143 δίδοται
308 3090 358 3141 άπὸ
377 3089 420 3142 all
440 3090 504 3142 θεὸν
524 3092 538 3155 ἡ
559 3091 634 3160 ψυχή,
654 3090 696 3159 ἄφ’
712 3083 741 3141 οὗ
762 3092 904 3160 ὀργανισῗλῆ
924 3091 952 3142 τὸ
973 3093 1046 3160 κορμὶ
1065 3093 1107 3142 καί
1125 3092 1182 3161 γίνῃ
1202 3090 1255 3141 ‘sur-

185 3183 291 3247 τήδειον
312 3179 345 3240 είς
364 3178 408 3244 τὴν
427 3180 557 3250 ὑποδοχήν
579 3197 629 3245 της
655 3183 697 3231 καί
723 3182 802 3232 ὅταν
822 3183 960 3232 δίδοται
981 3181 1014 3241 εἷς
1033 3180 1095 3232 αὐτὸ
1114 3180 1257 3249 χύνεται

188 3271 220 3331 είς
242 3270 307 3321 ‹ilo-1
326 3269 354 3321 τὸ
374 3271 455 3340 κορμί,
476 3270 510 3330 ὡς
529 3271 559 3321 ἂν
579 3269 607 3320 τὸ
628 3276 676 3339 πῦρ
696 3269 728 3330 εἰς
748 3270 776 3321 τὸ
797 3271 939 3340 ἇναμμένον
955 3272 1074 3339 σίδερον·»
1097 3272 1113 3320 Ι.
1130 3271 1156 3321 ΙΙ.
1173 3271 1256 3320 Μεσο-

187 3361 276 3430 λορας.
299 3359 443 3428 Συμβολικη
463 3359 484 3426 Ι,
504 3376 531 3428 p.
551 3359 611 3413 392.
632 3389 664 3396 -
684 3358 750 3412 Non
769 3360 956 3413 obstantibus
982 3365 1042 3412 tam
1070 3360 1158 3412 elaris
1176 3357 1256 3411 Orth.

189 3448 322 3503 Coniess.
343 3449 440 3501 verbis
459 3449 605 3501 Macarius
624 3451 826 3517 prosequitur:
854 3448 1007 3504 «Ceterum
1034 3448 1258 3517 supponendum

188 3548 232 3593 est
254 3539 303 3592 hic
322 3555 341 3591 n
351 3553 393 3590 on
412 3539 669 3591 immediatam
684 3538 820 3591 divinam
835 3540 1015 3592 creationem
1030 3539 1082 3591 sed
1097 3538 1259 3590 mediatam

189 3628 331 3696 intelligi.
351 3628 432 3681 Deus
451 3627 563 3681 scilieet
582 3633 663 3680 creat
677 3627 829 3680 hominum
845 3628 968 3695 animas,
989 3629 1064 3681 sieut
1080 3633 1109 3680 et
1128 3643 1259 3695 corpora,

190 3719 226 3770 vi
258 3718 434 3771 eiusdem
462 3717 772 3771 benedictionis:
801 3719 924 3770 crescite
956 3723 986 3770 et
1019 3717 1260 3784 multiplicamini

189 3807 277 3876 (Gen.
296 3808 319 3874 1,
335 3807 380 3873 29)
400 3822 488 3874 quarn
508 3807 616 3859 nostris
635 3808 893 3873 protoparentibus
914 3808 976 3875 ipso
996 3807 1081 3860 initio
1100 3806 1258 3859 dederat—

188 3902 273 3951 creat
300 3911 371 3949 vero
396 3910 456 3948 non
476 3909 514 3947 ex
532 3895 632 3963 nihilo,
662 3895 712 3948 sed
741 3910 779 3948 ex
807 3903 964 3964 parentum
988 3896 1153 3949 animabus
1191 3896 1259 3948 Pro-

184 3988 269 4042 fecto
305 3985 372 4039 talis
405 3985 516 4038 creatio
545 3999 582 4037 ex
615 3985 771 4037 animabus
799 3991 956 4053 parentum
985 4000 1002 4038 a
1030 3986 1115 4039 nobis
1143 3985 1261 4050 penitus

1119 4073 1153 4126 4-3·
