2872 4666
545 364 787 429 -163-

160 576 365 640 tntummodo
379 577 614 642 adiuvateam
625 579 659 641 in
669 578 759 642 bona
773 578 847 643 eius
862 578 979 660 via»¹).
995 578 1196 646 Generatim

160 699 208 747 tm
227 685 319 747 russi
338 687 456 766 partes
475 703 565 767 quas
584 685 803 766 providentia
823 704 884 750 seu
903 688 1019 768 gratia
1038 688 1074 751 in
1093 688 1194 770 primi

160 790 274 854 »minis
305 791 501 856 evolutione
524 792 647 856 habuit
669 793 880 876 exprimunt,
912 811 981 858 non
1004 795 1195 878 loquuntur

160 901 190 964 si
214 899 258 962 dc
281 899 530 980 cooperatione,
554 900 696 982 auxilio,
720 901 980 966 confortatione.

232 1004 384 1086 Quidam
407 1007 563 1090 theologi,
589 1013 626 1070 ut
649 1007 816 1073 Silvester
839 1011 874 1073 et
895 1008 1065 1093 LebedeV,
1088 1012 1195 1075 etiam

161 1114 362 1179 aestionem
386 1114 428 1179 de
451 1132 553 1197 nexu,
576 1115 636 1198 qui
661 1115 750 1179 inter
773 1117 939 1179 naturam
962 1117 1064 1198 primi
1089 1118 1193 1181 homi-

160 1242 166 1285 ι
191 1225 232 1286 et
251 1222 402 1303 gratiam
421 1221 600 1302 existebat,
619 1224 781 1304 tangunt:
808 1220 954 1287 «Gratia
973 1227 1193 1306 protoparen-

160 1346 222 1410 us,
240 1329 351 1410 inquit
364 1326 539 1410 Silvester,
554 1333 691 1392 tantum
706 1330 906 1392 necessaria
919 1334 1005 1413 erat,
1019 1335 1191 1413 quantum

160 1453 242 1500 nen
258 1434 302 1497 ad
317 1434 514 1517 videndum,
528 1444 590 1499 aar
600 1436 645 1498 ad
655 1434 955 1517 respirandum»¹).
970 1436 1014 1500 nt
1030 1437 1192 1503 Lebedev

160 1545 308 1624 stquam
332 1542 374 1606 de
397 1542 543 1605 hominis
567 1544 777 1624 perfectione
800 1544 880 1625 egit,
914 1561 995 1625 «per
1028 1562 1065 1609 se
1089 1549 1193 1628 patet,

160 1652 244 1736 [uit
281 1651 427 1713 hominis
464 1656 638 1730 naturam,
676 1668 757 1714 cum
789 1669 858 1714 non
895 1656 985 1716 esset
1022 1653 1088 1716 nisi
1125 1654 1193 1718 hac

204 1757 375 1840 germine)
410 1758 639 1840 perfectione,
677 1757 865 1838 indiguisse
907 1757 1027 1822 divina
1068 1760 1192 1841 gratia,

160 1869 211 1930 ut
237 1883 363 1928 sanum
386 1865 558 1929 hominem
577 1865 731 1947 indigere
750 1866 826 1929 cibo
845 1869 880 1931 et
898 1874 989 1930 abre.
1014 1866 1091 1930 Non
1109 1867 1192 1932 licet

160 1991 250 2051 nen,
284 1974 321 2034 ut
344 1973 494 2053 gratiam
518 1976 553 2037 et
576 1973 823 2054 perfectionem
846 1973 881 2036 in
905 1991 947 2038 ea
971 1974 1106 2038 causali
1140 1975 1191 2038 in-

160 2098 239 2146 tem
277 2078 505 2158 dependentia
542 2081 649 2144 fuisse
685 2098 864 2161 ponamus,
896 2081 932 2144 in
964 2099 1034 2164 qua
1068 2100 1191 2146 earum

160 2205 234 2253 xus
259 2190 293 2250 et
316 2186 437 2250 relatio
461 2186 506 2250 ad
530 2187 683 2252 invicem
706 2188 813 2252 fuisse
836 2206 858 2252 a
883 2188 1001 2253 latinis
1025 2190 1191 2272 theologis

161 2293 372 2375 elliguntur.
418 2294 487 2358 Nos
520 2295 767 2376 perfectionem
790 2305 824 2358 et
846 2296 998 2376 gratiam
1022 2297 1190 2361 sumimus

160 2401 324 2468 ›aratim:
359 2402 604 2482 perfectionem
636 2420 698 2482 per
730 2421 767 2466 se
799 2407 833 2466 et
864 2403 1017 2484 gratiam
1049 2422 1111 2485 per
1141 2422 1191 2480 se;

160 2507 343 2574 rilominus
376 2509 488 2572 altera
520 2507 566 2570 ad
590 2508 739 2573 alteram
761 2514 839 2573 erat
862 2509 900 2599 in¹
921 2513 1049 2591 mutuo,
1082 2514 1190 2591 arcto,

160 2615 399 2680 =cessario
423 2633 559 2695 nexu;
592 2634 703 2698 neque
727 2615 892 2696 perfectio
916 2617 1027 2697 potuit
1053 2635 1187 2697 perma-

160 2741 201 2787 re
228 2721 393 2801 perfectio
418 2723 490 2786 sine
513 2721 637 2804 gratia,
671 2723 761 2787 sicut
792 2740 857 2786 nec
887 2722 1020 2786 sanitas
1044 2723 1189 2787 hominis

160 2848 189 2895 e
217 2845 305 2908 puro
324 2837 405 2893 aere
428 2832 462 2893 et
485 2829 573 2892 bono
597 2831 682 2909 cibo,
706 2831 766 2894 sed
789 2848 900 2912 neque
928 2831 1045 2912 gratia
1079 2832 1189 2911 potuit

160 2935 294 3001 minem
318 2935 363 2997 ad
385 2935 633 3000 beatitudinem
657 2937 785 3001 ducere
804 2937 877 3001 sine
896 2937 1105 3018 perfectione
1125 2955 1186 3001 na·
1278 2977 1280 2981 -

160 3061 231 3124 fae,
264 3041 355 3105 sicut
385 3060 449 3106 nec
483 3060 591 3122 purus
625 3052 686 3107 aer
719 3061 785 3107 nec
809 3044 899 3107 bona
924 3043 1090 3107 alimenta
1114 3062 1216 3129 pos·⁴

160 3152 199 3216 ot
225 3166 248 3212 a
271 3152 380 3212 morte
413 3149 554 3214 salvare
587 3150 770 3232 hominem,
803 3151 832 3213 si
865 3167 990 3231 corpus
1020 3150 1094 3215 eius
1116 3150 1187 3215 iam
1257 3151 1259 3156 ’

160 3272 255 3322 asum
269 3260 303 3318 et
317 3255 495 3320 mortifera
509 3256 754 3337 decompositio
769 3257 884 3319 iamin
900 3274 940 3320 eo
955 3255 1000 3318 sit
1010 3254 1187 3337 coepta»⁸t

160 3407 334 3418 ...ί-..-

229 3486 248 3550 1)
263 3485 409 3554 (iinnapers.
427 3486 509 3554 1i'epn.
528 3485 633 3538 Borocn.
653 3485 675 3550 I,
695 3488 710 3547 ξ
729 3485 771 3551 98,
795 3500 822 3552 p.
843 3485 902 3538 150.

229 3575 250 3639 ²)
268 3573 441 3642 Cmmacorps,
462 3590 507 3644 op.
526 3590 549 3628 c.
571 3574 624 3641 lli,
649 3578 664 3637 5
683 3574 725 3642 58,
746 3589 772 3641 p.
791 3574 853 3627 417.

228 3664 248 3728 ⁸)
265 3663 405 3724 ileoenena.
431 3664 479 3716 An.
503 3664 637 3716 Paanocrn
659 3680 695 3715 aa
719 3680 793 3730 ynam
819 3680 834 3716 o
859 3662 955 3731 [Ipsca.
979 3661 1064 3728 libri.
1091 3677 1136 3730 op.
1163 3678 1188 3716 c.

169 3753 233 3808 161.
260 3781 293 3790 -
321 3752 483 3822 Praecipue
514 3753 688 3821 polemistae
719 3753 836 3806 crimini
868 3755 993 3805 vertunt
1024 3751 1186 3820 catholicis,

160 3843 199 3897 od
225 3841 256 3894 hi
282 3843 377 3896 vetuti
402 3848 494 3896 totam
521 3843 648 3896 hominis
668 3843 880 3911 perfectionem
901 3856 939 3894 ex
958 3842 1059 3909 gratia
1077 3855 1186 3909 pepen-

160 3946 196 3985 se
214 3931 377 3984 affirment.
396 3930 477 3994 Quae
496 3932 631 3997 obiectio,
649 3935 683 3983 ut
702 3935 793 3999 patet,
812 3930 957 3983 fundatur
982 3930 1013 3982 in
1038 3929 1117 3982 male
1141 3930 1185 3982 in·

162 4022 240 4074 lecta
258 4021 394 4074 doctrina
412 4022 557 4075 catholica
577 4036 653 4090 quae
672 4035 785 4074 nexum
804 4021 890 4073 illum
905 4033 994 4090 quem
1010 4019 1093 4087 ponit
1107 4019 1186 4072 inter

1030 4108 1078 4160 11*
