2872 4666
287 202 468 267 Beatitudo
499 206 552 266 est
584 201 695 266 veluti
727 202 875 266 effectus
898 206 933 266 et
955 203 1092 266 fruetus
1116 200 1247 283 pariter

181 316 286 393 atque
304 327 438 374 merces
452 314 488 375 et
501 325 630 372 corona
649 309 797 373 hominis
816 312 1019 390 conatuum3
1042 328 1110 373 non
1130 312 1247 372 tamen

179 419 285 482 solius
304 417 453 481 hominis
472 416 533 481 scd
552 416 656 479 simul
674 421 710 479 et
728 416 896 497 providae
914 416 979 482 Dei
998 416 1248 498 cooperationis

178 526 254 588 sine
277 541 347 606 qua
370 524 471 587 homo
494 522 590 586 nullo
613 522 712 586 modo
736 541 848 605 neque
867 524 986 587 evolvi
1005 542 1070 588 nec
1089 523 1249 606 progredi

178 636 301 714 potest,
325 635 363 694 ut
386 631 536 693 diximus
555 630 592 693 in
610 631 862 712 prolegomenis
882 636 916 694 et
935 632 1026 695 infra
1046 631 1249 696 videbimus

178 741 297 821 Atque
321 738 385 801 sub
409 739 475 801 hoc
498 742 673 818 respectu:
697 737 788 819 quod
808 738 935 802 scilitet
953 739 1106 803 evolutio
1126 738 1187 801 illa
1206 755 1249 800 ac

178 861 385 928 progressus
417 843 575 909 absolute
597 845 772 908 excedunt
795 846 993 909 naturalem
1016 843 1163 908 hominis
1186 842 1250 906 sibi

177 952 245 1017 soli
269 952 381 1015 relicti
399 951 642 1032 capacitatem,
666 951 758 1032 quod
777 951 850 1016 sine
868 952 984 1031 gratia
1004 951 1067 1015 Dei
1087 951 1164 1014 fieri
1182 967 1250 1013 non

177 1060 335 1141 possunt,
361 1095 398 1103 -
425 1058 505 1122 finis
528 1059 661 1122 medius
694 1076 756 1122 seu
779 1059 932 1123 evolutio
963 1059 1024 1122 illa
1057 1065 1110 1122 est
1141 1056 1251 1123 veluti

180 1165 463 1247 supranaturalis
505 1165 646 1229 homini:
687 1169 899 1247 quapropter
942 1183 1083 1230 necesse
1116 1167 1176 1247 est,
1214 1167 1252 1225 ut

178 1274 249 1338 sub
286 1274 351 1337 hoc
383 1278 546 1354 respectu
583 1273 758 1337 beatitudo
791 1291 929 1355 quoque
961 1276 1104 1338 aeterna
1142 1271 1252 1336 veluti

175 1380 356 1446 excedens
392 1381 638 1462 aliquantenus
670 1381 865 1461 perfectam
897 1379 1044 1444 hominis
1076 1378 1250 1460 capacita-

178 1496 255 1552 tem
278 1487 476 1551 naturalem
498 1488 736 1552 consideretur
758 1505 871 1569 neque
894 1487 1002 1568 possit
1025 1486 1093 1551 dici
1116 1488 1252 1550 fruetus
1351 1555 1354 1559 ,

178 1610 281 1657 mere
302 1594 474 1659 naturalis
497 1594 644 1658 hominis
668 1599 866 1658 conatuum.

293 1699 336 1764 Π.
360 1701 476 1783 Atque
507 1702 596 1767 haee
629 1702 671 1768 de
703 1702 779 1783 ipsa
802 1719 982 1765 russorum
1006 1701 1178 1782 doctrina;
1202 1718 1251 1765 se-

178 1807 315 1890 quitur,
340 1791 377 1871 ut
400 1811 473 1873 eius
496 1809 653 1874 valorem
677 1809 942 1873 consideremus.

298 1918 326 1979 1.
350 1916 504 1980 Primum
527 1918 618 1999 quod
641 1916 910 1998 argumentandi
934 1917 1105 1980 rationem
1128 1920 1163 1980 et
1185 1933 1253 1978 mo·

180 2021 274 2085 dum
296 2028 440 2105 spectat,
463 2024 562 2104 russi,
587 2029 626 2087 ut
648 2023 809 2105 vidimus,
828 2023 879 2087 sic
898 2023 1097 2106 procedunt,
1122 2026 1161 2085 ut
1179 2022 1255 2085 ulti·
1309 2034 1312 2039 ·

183 2147 287 2193 mum
309 2130 455 2194 hominis
478 2132 583 2196 finem
607 2148 682 2197 esse
705 2130 953 2196 beatitudinem
978 2133 1158 2194 aeternam
1185 2146 1255 2193 res-

182 2235 347 2319 piciendo
369 2242 534 2301 naturam
553 2238 700 2302 hominis
719 2239 790 2301 solo
809 2237 943 2302 scilicet
965 2236 1173 2300 rationis
1197 2236 1255 2298 lu·

184 2343 309 2407 mine
331 2343 504 2426 inierant;
537 2363 628 2427 quae
660 2364 745 2410 vero
769 2345 813 2408 sit
831 2349 865 2410 et
888 2346 923 2408 in
947 2363 1015 2427 quo
1038 2345 1127 2409 haec
1150 2345 1257 2409 beati-

184 2450 274 2513 tudo
297 2450 472 2534 consistat,
504 2451 574 2514 iam
598 2451 809 2517 recurrendo
841 2451 887 2514 ad
921 2469 945 2515 s.
972 2451 1190 2532 scripturam
1222 2456 1258 2516 et

182 2556 424 2622 Traditionem
441 2595 480 2603 -
497 2577 551 2623 ex
569 2559 871 2624 revelatione
895 2559 1028 2624 scilicet
1044 2558 1258 2639 describant;

180 2665 297 2744 atque
311 2664 362 2728 sic
376 2664 504 2728 librum
517 2667 666 2731 naturae
680 2666 768 2729 libro
782 2665 1005 2730 revelationis
1022 2667 1204 2747 complent,
1220 2670 1258 2729 ut

183 2770 221 2834 si
236 2771 375 2835 hicnon
390 2772 494 2836 fuerit
508 2772 574 2837 nisi
588 2773 801 2837 continuatio
815 2772 907 2837 illius
921 2776 1027 2855 atque
1042 2774 1257 2855 supplemen-

185 2883 268 2941 tum
279 2877 308 2957 ¹l
322 2877 388 2944 Sed
402 2880 590 2962 quaeritur,
605 2882 771 2947 eademne
786 2883 831 2944 sit
844 2882 1082 2946 beatitudo:·et
1095 2899 1138 2946 ea
1151 2900 1256 2964 quam

302 3109 321 3179 ¹)
340 3109 446 3179 Neque
465 3112 553 3165 aliter
571 3112 648 3165 russi
667 3113 744 3165 hanc
763 3126 825 3164 rem
845 3111 999 3179 concipere
1020 3110 1170 3178 videntur,
1190 3125 1259 3164 cum

183 3199 231 3252 de
250 3198 440 3253 revelationis
458 3201 603 3254 relatione
622 3205 652 3254 et
670 3201 776 3254 habitu
796 3199 833 3252 ad
853 3200 999 3253 rationem
1018 3203 1123 3268 agunt,
1153 3199 1204 3253 sed
1223 3199 1260 3253 de

187 3291 248 3344 hac
267 3303 299 3342 re
318 3289 438 3358 integer
457 3295 603 3344 tractatus
618 3294 694 3345 esset
713 3289 898 3343 scribendus:
925 3288 991 3342 Vid.
1018 3288 1193 3358 Gannascum,
1214 3305 1259 3357 op.

183 3395 215 3434 c.
235 3377 258 3446 I,
278 3381 294 3442 ἓ
312 3378 427 3444 40-48,
447 3395 473 3448 p.
493 3379 646 3448 sis-3163
668 3410 700 3416 -
720 3378 847 3447 Munapili.
874 3378 1001 3439 Bsenenie
1024 3395 1059 3430 ss
1077 3378 1161 3446 Hpan.
1181 3378 1259 3431 Boro-

186 3484 262 3522 cuon.
281 3471 297 3531 ἕ
317 3468 359 3534 13,
379 3483 406 3537 p.
425 3468 544 3535 26—303
564 3473 579 3533 ξ
600 3468 712 3535 21-34,
739 3484 766 3536 p.
786 3468 821 3522 39
839 3468 906 3534 -66;
935 3497 967 3504 -
993 3466 1156 3534 Assrycrnus.
1175 3468 1259 3534 Ppulo·

185 3574 301 3621 Boucrno
328 3573 366 3610 ss
392 3554 550 3625 colosson
576 3558 714 3612 Bonoruoss.
738 3557 803 3617 lien.
833 3557 857 3611 3.
884 3555 989 3610 liceras
1015 3556 1092 3624 1894,
1112 3559 1127 3619 ξ
1148 3557 1260 3623 19-24,

184 3664 218 3719 p.
238 3647 412 3712 61-765et
431 3647 531 3701 ceteri.

244 3757 325 3790 counita
340 3757 432 3788 auctuum.
1138 3735 1154 3788 6
