2872 4666
664 354 860 417 ..4-

224 587 286 655 por
309 576 498 635 ceteras
522 585 703 650 quoque
730 568 970 633 ecclesias
994 569 1293 631 orthodoxas

226 682 529 761 propagatur

330 784 465 865 Quibus
498 783 644 865 pennoti
677 783 936 863 proponendum
969 784 1154 848 statuimus
1178 784 1220 848 de
1245 783 1296 847 eis

222 910 337 977 agere,
369 909 460 975 (puae
497 890 587 954 russi
624 889 660 953 in
697 889 765 952 illis
801 889 980 954 doctrinae
1022 890 1195 971 capitibus
1233 892 1295 955 vel

222 1000 405 1067 catholicis
430 998 567 1063 crimini
591 1001 770 1062 verterent
792 998 851 1061 vel
874 997 939 1077 ipsi
962 996 1136 1062 docerent.

331 1108 360 1172 2.
384 1106 526 1171 Initium
560 1104 709 1169 iacimus
733 1122 754 1166 a
778 1104 910 1183 iustitia
934 1103 1095 1186 originali
1117 1104 1186 1167 rati
1209 1104 1297 1185 fore,

225 1220 263 1281 ut
288 1216 351 1280 hoc
375 1215 501 1293 dogma
524 1212 718 1293 expositum
742 1212 784 1274 ob
808 1211 977 1291 insignem
1000 1229 1104 1294 quem
1123 1211 1213 1274 inter
1234 1229 1294 1276 ve·

223 1323 345 1388 ritatos
369 1320 579 1385 christianas
605 1322 698 1384 tenet
717 1320 830 1382 locum
850 1325 885 1382 et
903 1336 972 1381 non
991 1335 1116 1398 parum
1135 1318 1298 1382 conferat

222 1428 268 1494 ad
293 1432 402 1492 toturn
422 1426 614 1507 theologiae
633 1443 811 1489 russorum
830 1429 984 1505 systema
1004 1425 1296 1506 perspiciendum,

154 1595 162 1612 ,
222 1541 257 1603 et
282 1535 489 1617 principium
514 1538 620 1616 ponat
642 1551 687 1598 ac
710 1534 879 1597 rationem
903 1533 948 1596 ad
974 1532 1089 1613 plures
1108 1532 1198 1596 alias
1218 1550 1294 1597 eas-

222 1662 291 1727 que
327 1642 556 1723 gravissimus
592 1658 772 1705 russorum
809 1640 1016 1703 obiectiones
1049 1639 1296 1722 intelligendas

222 1750 529 1832 explicandusque.

333 1855 431 1921 Ratio
464 1861 498 1919 et
526 1856 656 1936 modus
693 1872 795 1936 quem
828 1853 864 1917 in
898 1855 1086 1917 tractanda
1119 1871 1157 1918 re
1182 1855 1295 1918 secuti
1370 1881 1373 1884 ⁴

223 1981 352 2044 sumus,
386 1963 442 2027 hic
475 1969 535 2040 est,
566 1962 724 2025 utnulla
750 1961 996 2042 praetermissa
1019 1965 1191 2043 quantum
1213 1961 1295 2026 fieri

224 2070 333 2153 potuit
352 2070 509 2151 opinione
530 2069 678 2150 primum
698 2087 805 2151 quarn
824 2069 1082 2150 diligentissime
1096 2074 1296 2149 exponatur

223 2178 299 2260 ipsa
322 2177 604 2243 adversariorum
631 2177 799 2258 doctrina,
832 2181 906 2239 tum
940 2181 977 2239 ut
1005 2181 1292 2256 argumentorum

222 2302 313 2369 quae
336 2288 491 2351 alierunt
514 2285 643 2350 indoles
667 2288 702 2349 et
724 2285 813 2348 ratio
837 2285 1049 2366 ostendatur,
1081 2285 1221 2347 demum
1256 2289 1295 2347 ut

224 2397 443 2475 monstretur,
476 2392 511 2456 in
544 2409 695 2474 quonam
728 2392 778 2455 illi
810 2409 832 2454 a
865 2391 1046 2456 catholicis
1070 2390 1235 2455 differant
1259 2395 1295 2455 et

222 2517 313 2582 ‹luac
337 2500 380 2564 sit
404 2517 513 2563 cansa
537 2504 571 2561 ct
595 2498 698 2562 radix
720 2517 840 2563 eorum
864 2498 1001 2563 erroris.
1029 2495 1164 2576 Quibus
1187 2516 1292 2580 expo-

222 2606 296 2671 sitis
320 2606 389 2670 iam
413 2606 656 2671 abstinendum
682 2624 756 2671 esse
780 2607 943 2669 duximus
967 2624 989 2668 a
1008 2605 1194 2669 refutanda
1218 2623 1292 2668 rus-

222 2730 337 2777 sorum
359 2713 525 2791 doctrina,
553 2718 667 2793 utpote
686 2713 776 2795 quod
792 2731 837 2777 ex
851 2713 978 2794 quavis
997 2712 1168 2794 theologia
1187 2713 1292 2776 facile

222 2819 337 2900 colligi
362 2825 506 2902 posset.⁴

329 2926 358 2990 3.
382 2924 469 2989 Cum
494 2943 578 2990 vcro
604 2931 750 2991 ventum
773 2934 826 2992 est
844 2926 889 2990 ad
910 2926 1161 3008 conquirendos
1176 2926 1289 3005 libros,

221 3031 346 3114 quihus
372 3036 556 3113 utorernur,
590 3051 657 3096 non
691 3034 804 3098 levem
837 3033 973 3116 experti
998 3050 1118 3096 sumus
1142 3032 1288 3097 difficul-

222 3145 338 3205 tatem.
385 3139 576 3204 Philaretes
605 3141 696 3204 enim
720 3122 997 3223 dernigoviensis
1021 3139 1147 3222 quide
1171 3140 1289 3221 russis,

221 3247 281 3329 qui
305 3246 510 3327 theologiam
535 3247 658 3311 litteris
682 3248 913 3330 illustrarunt,
946 3247 1095 3329 scripsit,
1118 3249 1288 3311 narratio-

221 3368 300 3418 nem
324 3371 423 3417 suam
444 3355 620 3435 abrumpit
638 3373 730 3419 anno
752 3355 837 3420 1863
851 3355 879 3432 ¹).
903 3353 971 3434 Qui
990 3371 1075 3419 vero
1094 3370 1150 3417 res
1169 3357 1287 3436 gestas

222 3475 399 3523 russorum
418 3460 597 3525 Ecclesiae
617 3465 774 3539 narrant,
798 3479 1014 3545 quamquam
1033 3462 1137 3526 etiam
1163 3461 1286 3525 theolo-

220 3564 299 3647 gica
336 3567 468 3647 scripta
502 3571 650 3649 tangunt
682 3587 794 3651 neque
827 3568 982 3633 funditus
1019 3572 1138 3632 tamen
1174 3585 1287 3650 neque

220 3672 329 3752 plene.
372 3672 555 3755 Reliquum
579 3675 685 3756 igitur
708 3678 794 3756 erat,
819 3680 856 3739 ut
880 3676 924 3739 ad
948 3675 1031 3739 folia
1055 3674 1229 3756 periodica
1254 3682 1288 3740 et

329 3922 348 3984 ¹)
367 3920 506 3987 ‹inruapem›
530 3920 717 3986 Fylnmcncsiii
745 3922 842 3990 aphes.
866 3922 1011 3991 tIepsnron.
1042 3921 1146 3992 Ooeops
1170 3923 1289 3991 Pyccaoil

219 4005 360 4074 liyxoanoii
378 4008 563 4076 dnreparypsr,
583 4025 603 4063 r.
625 4010 809 4065 issa-1863.
829 4011 894 4073 Hau.
914 4011 939 4066 3.
959 4011 1037 4065 dnn.
1058 4012 1136 4066 1884.
