2872 4666
608 312 826 377 ...31-

181 527 295 593 solum
331 526 525 590 auxiliatur
543 525 621 590 *sed
653 526 760 590 etiam
792 525 1002 605 sanctificat,
1039 544 1107 591 non
1140 527 1252 589 solum

181 637 277 699 vires
301 638 486 699 creaturae
510 635 651 698 roborat
682 636 717 698 et
749 633 905 716 adiuvat,
939 633 999 698 sed
1031 637 1140 696 totam
1172 651 1253 699 eam

180 761 228 808 ex
252 746 345 806 statu
369 741 406 804 in
429 745 559 805 statum
581 742 768 810 transient.
794 740 924 808 -‘,Sed
957 759 1071 824 neque
1094 747 1253 823 apparet,

180 850 228 914 ad
247 849 343 932 -quid
359 889 361 894 ·
375 848 525 914 elevatio
557 848 592 911 in
626 851 817 930 systemate
849 866 1029 913 russorum
1052 848 1254 914 necessaria

180 961 282 1039 esset,
319 974 400 1020 cum
439 957 581 1020 ultimus
613 955 693 1018 finis
726 958 913 1021 creaturae
945 956 1135 1037 rationalis,
1172 956 1252 1020 bea·

180 1064 293 1132 titudo
330 1068 483 1146 aeterna,
515 1082 583 1126 non
612 1065 762 1144 ponatur
794 1080 902 1145 supra
928 1066 969 1128 et
1001 1067 1141 1144 praeter
1163 1064 1249 1128 ordi·

181 1190 263 1237 nem
286 1175 443 1236 naturae.
648 1235 649 1239 ,
830 1231 833 1235 .

291 1277 453 1345 Ceterum
463 1278 558 1344 'sicut
573 1277 824 1360 cooperationis
835 1296 960 1342 nomen
974 1278 1024 1342 ita
1038 1281 1073 1344 et
1087 1277 1253 1360 gratiae

179 1406 229 1453 ox
252 1388 365 1451 altera
387 1388 489 1467 parte
513 1386 612 1449 vario
636 1403 740 1450 sensu
759 1386 945 1451 adhibetur
964 1404 986 1450 a
1005 1385 1127 1450 russis:
1152 1385 1253 1449 Modo

179 1496 343 1576 designat
365 1493 553 1574 specialem
577 1493 674 1559 illam
696 1511 805 1575 opem,
839 1512 946 1576 quam
970 1493 1065 1559 Deus
1089 1492 1252 1557 Provisor

179 1606 253 1668 fert
283 1601 430 1666 hominis
462 1600 645 1683 voluntati,
682 1608 764 1665 cum
796 1601 858 1664 illa
888 1601 986 1682 eligit
1017 1605 1254 1682 operaturque

181 1712 320 1790 bonum,
346 1715 383 1772 ut
407 1726 513 1791 supra
537 1708 689 1773 vidimus
713 1709 809 1790 apud
833 1709 1043 1789 Macarium3
1072 1709 1174 1771 modo
1195 1725 1252 1790 ge·

180 1817 332 1881 neratim
370 1816 557 1896 specialem
589 1815 689 1878 illam
721 1816 1008 1897 cooperationem,
1045 1832 1116 1897 qua
1156 1814 1253 1879 Deus

180 1923 370 2006 providens
389 1923 481 1987 omni
506 1922 686 1987 rationalis
709 1927 896 1987 creaturae
928 1922 1140 2004 indigentiae
1173 1922 1251 1989 subs

180 2031 289 2112 venit,
323 2035 361 2095 ut
396 2031 491 2113 apud
528 2049 646 2096 omnes
682 2048 789 2113 quam
827 2031 1014 2111 plurimum
1053 2029 1253 2109 adhibetur3

181 2139 283 2205 modo
302 2138 417 2202 omnia
431 2138 565 2202 auxilia
588 2138 861 2221 quaeQProvisor
882 2142 1068 2204 creaturae
1087 2141 1254 2220 praestat,

179 2264 319 2310 omnem
338 2248 531 2328 generatim
550 2245 614 2310 Dei
634 2246 848 2329 providentis
866 2247 912 2310 ad
931 2246 1136 2312 rationalem
1156 2263 1251 2310 crea·

180 2359 301 2417 turam
324 2354 528 2418 relationem
551 2371 612 2418 seu
632 2353 834 2434 simpliciter
853 2353 1122 2435 providentiam
1145 2353 1195 2417 ita
1215 2357 1253 2416 ut

180 2460 402 2542 providentia
427 2465 461 2525 et
484 2460 610 2544 gratia,
625 2479 678 2525 ‘ex
701 2461 914 2541 providentis
939 2460 1003 2525 Dei
1024 2460 1195 2524 relatione
1219 2463 1255 2522 et

179 2585 229 2632 ex
251 2568 375 2650 gratia,
407 2567 671 2649 providentialis
694 2574 729 2632 et
751 2569 927 2648 gratuitus
959 2567 1133 2632 interdum
1157 2567 1250 2630 adhi-

179 2676 333 2738 beantur
355 2693 377 2739 a
401 2675 509 2740 russis
535 2679 703 2756 tanquam
728 2693 935 2757 synonyma,
964 2682 1002 2737 ut
1025 2675 1119 2757 apud
1143 2673 1254 2740 Silve-

179 2787 294 2846 strum
314 2786 349 2848 et
368 2781 615 2859 Tichvinski1).

292 2889 369 2954 XII.
403 2891 508 2954 Porro
532 2890 561 2953 si
585 2889 753 2970 subjecta,
786 2890 883 2954 circa
916 2908 1007 2971 quae
1031 2888 1254 2971 providentia

180 2996 306 3060 divina
343 3000 516 3080 versatur,
553 2997 731 3080 respicias,
769 3015 850 3061 cum
887 2997 991 3062 aliter
1024 2996 1118 3062 Deus
1152 3000 1255 3077 regat

179 3109 367 3169 creaturas
382 3105 611 3187 irrationales
626 3122 717 3186 quae
736 3105 804 3187 legi
823 3104 1041 3170 necessitatis
1059 3104 1254 3186 subjacent,

178 3213 220 3277 et
242 3211 343 3277 aliter
367 3211 564 3294 rationales,
587 3230 677 3294 quae
701 3211 832 3277 liberae
855 3218 937 3276 sunt
960 3212 1135 3293 libereque
1154 3211 1253 3274 iuxta

179 3322 280 3401 leges
303 3319 454 3385 morales
477 3327 597 3401 agunt,
626 3356 665 3364 -
691 3323 726 3384 et
749 3319 968 3402 providentia
991 3319 1111 3383 divina
1136 3318 1171 3381 in
1194 3318 1255 3381 ab·

178 3427 334 3492 solutam
358 3430 393 3490 et
415 3428 689 3492 conditionatam
713 3427 881 3491 dividitur
892 3425 922 3506 ²).

295 3694 315 3760 ¹)
333 3691 416 3748 Cani.
435 3695 513 3748 infra
533 3702 622 3764 caput
641 3696 678 3748 dc
698 3697 842 3750 relatione
860 3696 915 3748 Dei
935 3694 1048 3763 provin.

292 3786 314 3849 ἲ)
332 3783 459 3848 Aarouili,
487 3799 532 3852 op.
561 3800 584 3838 c.
615 3788 630 3848 ἓ
657 3786 701 3852 91,
729 3802 756 3854 p.
776 3786 824 3840 92-
855 3814 888 3822 —
917 3783 1061 3846 Cniuuorrs,
1096 3799 1140 3850 op.
1173 3797 1196 3835 c.
1230 3782 1255 3847 I,

176 3877 301 3942 §3l,p
328 3874 389 3927 343.
