2872 4666
589 401 630 410 -
676 365 832 449 234,-

283 573 320 626 ΙΙ.
339 572 416 636 Quid
442 574 480 627 do
505 589 656 628 russorum
680 576 815 628 doctrina
834 574 1040 630 sentiendum?
1060 606 1093 614 -
1114 577 1138 628 1.
1158 576 1250 629 Error

174 668 205 716 et
215 663 349 716 confusio
364 663 394 715 in
409 663 656 730 argumentando.
670 693 701 702 -
713 665 737 717 2.
748 662 888 718 Confusio
902 665 934 717 in
948 665 1096 718 doctrina:
1112 666 1250 719 confusio

175 758 302 805 naturae
331 751 424 805 debiti
453 756 483 805 et
508 752 642 819 indebiti,
671 753 797 806 actionis
826 753 882 806 Dei
910 753 1022 807 ordinis
1048 755 1198 808 naturalis
1219 760 1251 808 et

175 841 288 895 ordinis
311 842 555 910 supernaturalis.
576 872 607 879 -
628 843 653 896 3.
673 841 840 895 Arbitrarle
868 843 984 895 auxilia
1011 845 1174 911 provisoris
1194 859 1248 911 ap·

176 931 327 999 pellantur
355 933 455 998 gratia
484 934 513 984 et
542 931 621 985 dona
647 929 795 985 Creatoris
822 937 941 985 natura.
968 963 1002 970 —
1028 933 1053 985 4.
1081 931 1251 986 Russorum

176 1021 278 1087 gratia
296 1020 371 1073 nihil
391 1024 435 1072 est
454 1020 512 1072 nisi
531 1020 676 1073 naturalis
696 1020 752 1073 Dei
771 1035 946 1088 concursus,
965 1026 1019 1074 aut
1038 1021 1144 1073 saltem
1160 1020 1199 1072 ab
1215 1034 1251 1072 eo

176 1124 236 1161 non
255 1108 463 1176 distinguitur.
484 1139 516 1148 -
537 1111 562 1162 5.
581 1107 741 1178 Supposita
769 1110 889 1178 speciali
908 1109 1049 1164 distincta
1068 1109 1169 1178 gratia
1188 1123 1253 1161 non

177 1203 310 1267 apparet,
330 1214 384 1252 cur
402 1201 571 1253 necessaria
590 1200 629 1252 sit
648 1215 744 1267 neque
763 1199 802 1252 ad
822 1198 913 1268 quid?
941 1198 1098 1253 Sententia
1118 1199 1251 1251 Macarii.

177 1285 334 1341 Sententia
365 1285 533 1341 Svietlovii.
571 1287 615 1342 De
653 1304 712 1357 quo
749 1305 851 1343 omnes
888 1291 1072 1343 conveniunt
1110 1294 1252 1357 respectu

101 1443 104 1449 ἢ
177 1377 312 1444 gratiae.
325 1407 358 1414 —
378 1378 402 1431 6.
418 1375 526 1432 Nullus
540 1378 631 1432 datur
645 1380 725 1432 locus
740 1380 771 1432 in
786 1395 937 1433 russorum
954 1385 1116 1448 systemate
1130 1380 1253 1447 gratiae

178 1466 325 1520 habituali
349 1481 446 1535 neque
471 1469 579 1522 virtuti
606 1469 653 1520 vel
681 1469 823 1522 scientiae
851 1470 978 1522 infusae.
1000 1500 1032 1506 -
1052 1469 1077 1522 Ἰ.
1097 1467 1254 1530 Quomodo

178 1555 254 1608 russi
283 1561 485 1623 pervenerunt
514 1555 551 1609 ad
580 1557 806 1625 supponendum
840 1557 895 1611 Dei
924 1555 1187 1626 paedagogatum?
1216 1587 1253 1593 —

178 1643 203 1698 8.
223 1643 373 1706 Quomodo
393 1647 469 1698 russi
488 1646 654 1714 procedunt
680 1648 711 1699 in
730 1646 907 1715 exponenda
926 1659 956 1699 et
975 1645 1176 1699 construenda
1195 1661 1254 1699 sua

177 1732 321 1786 doctrina.
342 1749 410 1801 pag.
485 1773 1071 1788 ..............
1110 1733 1254 1787 167-177

287 1822 340 1875 Ill.
361 1824 383 1876 1.
405 1822 601 1892 Praecipuum
627 1824 786 1878 discrimen
812 1825 890 1878 inter
910 1838 1008 1876 russos
1026 1828 1057 1876 et
1076 1823 1255 1876 catholicos:

180 1913 204 1964 1.
224 1911 267 1977 de¹
280 1913 381 1980 gratia
399 1912 552 1981 habituali,
573 1915 597 1967 ἱ).
617 1913 654 1967 de
673 1915 773 1981 gratia
792 1913 912 1973 actuali.
973 1953 979 1965 .
1017 1950 1023 1967 .
1061 1952 1067 1966 .
1107 1912 1256 1966 177-178

288 2001 337 2054 IV.
357 1999 513 2056 Conclusio
533 2004 646 2072 capitis,
667 2017 734 2072 pag.
795 2043 802 2058 .
845 2040 852 2055 .
886 2042 892 2057 .
931 2042 936 2055 .
975 2040 981 2056 .
1019 2040 1026 2055 .
1064 2039 1071 2056 .
1109 2001 1257 2056 178-179

621 2198 750 2255 carun
768 2199 804 2255 v.

591 2307 664 2375 rag.
693 2307 842 2361 180-224.

540 2413 893 2468 Apruunrxr.

173 2527 175 2531 ’
261 2522 312 2575 nu
330 2521 456 2577 srnru
475 2521 735 2576 innocent-inu
754 2522 802 2576 ur
820 2520 948 2576 sunau
968 2519 1172 2575 lusrrrmu

601 2632 670 2700 rag.
692 2631 860 2692 180-186„

292 2741 314 2793 1.
334 2737 435 2793 Status
458 2740 547 2808 primi
573 2739 700 2793 hominis
725 2738 924 2792 communiter
949 2740 1073 2789 vocatur
1093 2740 1190 2788 status
1212 2736 1260 2788 in-

182 2829 339 2883 nocentiae
367 2860 399 2867 -
421 2829 445 2882 2.
466 2829 553 2882 Russi
572 2828 764 2895 distinguunt
784 2829 863 2880 inter
882 2830 994 2879 statum
1014 2824 1204 2878 innocentiae
1226 2830 1260 2877 et

182 2923 295 2971 statum
315 2918 455 2972 iustitiae.
476 2949 508 2955 -
529 2918 553 2971 3.
574 2917 689 2970 Relatio
715 2931 805 2984 quam
831 2919 971 2968 statuunt
994 2915 1073 2966 inter
1090 2918 1260 2981 utrumque

183 3012 304 3061 statum.
327 3038 358 3045 —
378 3008 402 3060 4.
423 3007 587 3060 Discrimen
608 3007 687 3060 inter
705 3005 865 3059 catholicos
885 3009 915 3057 et
934 3018 1031 3056 russos
1046 3003 1076 3054 in
1092 3004 1147 3055 hac
1162 3016 1204 3053 re.
1222 3031 1257 3040 -
1312 3074 1315 3079 Δ

182 3099 208 3152 5.
227 3097 302 3150 Tota
322 3097 495 3150 differentia
514 3096 667 3150 reducitur
685 3094 723 3149 ad
738 3094 889 3148 diversum
906 3093 1027 3170 modum
1042 3090 1259 3158 concipiendae

182 3187 315 3240 iustitiae
335 3201 387 3239 ssu
407 3186 630 3239 iustificationis
650 3186 775 3252 gratiae.
792 3214 825 3221 —
840 3183 865 3236 6.
883 3181 1048 3234 Discrimen
1063 3181 1141 3232 inter
1155 3184 1260 3232 utros-

183 3291 249 3344 que,
278 3274 358 3342 quod
386 3275 456 3327 inde
485 3275 580 3327 oritur
609 3276 639 3326 in
667 3271 861 3341 concipiendo
889 3276 972 3324 statu
1000 3269 1141 3322 iustitiae.
1169 3299 1204 3305 -
1231 3269 1259 3322 7.

182 3363 368 3417 Obiectiones
387 3379 545 3430 russorum,
566 3377 643 3431 quae
663 3361 732 3415 inde
747 3361 892 3414 oriuntur.
910 3389 939 3398 -
957 3359 981 3412 8.
998 3357 1084 3410 Ratio
1099 3355 1260 3410 doctrinae

184 3467 345 3517 russorum,
367 3469 426 3521 pag·
429 3487 1063 3505 ...............
1102 3444 1260 3500 180-186.

538 3609 831 3665 APPENDIX
863 3609 899 3663 II.
990 3644 992 3648 ψ

399 3720 620 3775 PRAECIPUA
639 3717 845 3774 RUSSORUM
864 3712 1044 3770 OBIECTIO.

598 3828 670 3895 rag.
691 3827 841 3881 rae-ree.

292 3935 314 3986 I.
336 3934 499 4003 Praecipua
524 3950 675 3987 russorum
702 3933 835 3985 obiectio.
856 3962 889 3969 -
910 3932 933 3982 1.
953 3926 1112 3981 Catholicis
1138 3928 1267 3981 crimini

185 4027 283 4091 datur,
302 4023 379 4091 quod
395 4024 514 4076 docent:
535 4023 621 4075 homo
637 4022 781 4075 beneficio
797 4021 898 4072 divino
914 4016 1061 4070 iustitiam
1076 4015 1268 4082 originalem
