2872 4666
676 375 916 456 -232-

260 611 292 662 in
312 623 370 677 quo
390 590 466 660 russi
485 605 653 674 discrepant
672 621 691 658 a
709 603 879 658 catholicis?
903 605 1100 674 Argumenta,
1125 607 1234 672 quibus
1256 608 1337 660 russi

259 697 387 766 probant
403 711 488 749 snam
503 695 676 749 doctrinam.
697 693 849 758 Quomodo
868 710 933 749 eam
952 695 1117 751 Philaretes
1132 679 1226 765 (iera,
1247 696 1335 750 Bred-

260 784 356 853 kevid,
385 785 532 839 Macarius
551 788 706 852 exponunt
725 788 755 837 et
774 785 921 852 quomodo
940 785 1131 840 Innocentius
1150 787 1282 855 archiep.
1303 791 1337 840 et

258 866 414 931 Svietlov?
441 875 472 928 in
500 890 558 942 quo
586 875 706 942 utrique
732 876 781 928 vel
805 874 975 944 discrepant
1000 876 1049 928 vel
1074 875 1279 930 conveniunt?
1299 907 1335 914 —

259 967 284 1020 6.
313 966 461 1019 Perfectio
488 965 668 1031 voluntatis,
696 964 727 1018 in
753 979 813 1032 (luo
838 965 986 1031 consistit3
1011 972 1192 1032 argumenta
1220 966 1336 1035 quibus

258 1055 417 1124 probaton
442 1054 600 1108 discrimen
620 1055 699 1106 inter
718 1054 878 1107 catholicos
896 1059 927 1108 et
945 1069 1052 1107 russos.
1078 1085 1110 1092 -
1136 1055 1161 1109 7.
1182 1056 1336 1109 Perfectio

258 1143 354 1197 cordis
383 1158 436 1196 seu
465 1143 606 1197 affectus:
630 1144 661 1196 in
687 1158 746 1210 quo
771 1141 925 1197 consistit?
949 1148 979 1196 et
1005 1144 1151 1212 quomodo
1171 1143 1342 1212 probatur?

261 1233 441 1287 Immunitas
460 1248 479 1286 a
496 1233 743 1302 concupiscentia.
781 1233 924 1286 Doctrina
948 1234 1096 1288 catholica
1120 1235 1175 1288 sub
1194 1236 1251 1287 hoc
1271 1248 1335 1287 res·

259 1329 357 1392 pectu.
377 1322 544 1376 Discrimen
562 1323 753 1379 interrussos
768 1327 798 1376 et
812 1323 980 1376 catholicos.
996 1352 1029 1361 —-
1045 1323 1070 1377 8.
1084 1324 1232 1377 Perfectio
1241 1325 1337 1394 primi

260 1413 388 1468 hominis
407 1421 556 1481 quantum
571 1413 608 1466 ad
623 1428 740 1481 corpus;
760 1413 934 1466 immunitas
948 1429 966 1466 a
981 1413 1091 1466 morbis
1104 1413 1341 1482 doloribusque,

261 1518 299 1557 ex
327 1517 458 1570 quonam
485 1501 661 1556 deducitur?
689 1503 760 1571 quid
793 1502 830 1554 de
862 1503 1088 1556 immortalitate
1116 1501 1263 1557 censent?
1297 1503 1336 1556 In

261 1607 319 1660 quo
347 1608 365 1646 a
392 1592 545 1645 catholicis
573 1590 760 1661 discrepant?
788 1622 820 1629 -
850 1593 874 1647 9.
901 1589 1055 1645 Conclusio
1083 1592 1120 1646 de
1147 1594 1337 1661 perfectione

262 1681 350 1750 primi
379 1681 506 1734 hominis
540 1688 605 1734 tum
638 1686 784 1749 quantum
819 1681 856 1733 ad
889 1697 995 1749 corpus
1023 1687 1086 1734 tum
1115 1691 1263 1749 quantum
1294 1683 1334 1736 ad

260 1770 400 1838 animam,
419 1784 481 1839 pag
483 1808 1149 1823 ...............
1204 1771 1342 1826 92-115

367 1860 405 1913 ΙΙ.
428 1859 502 1914 Cum
529 1861 604 1912 russi
633 1875 720 1913 suum
749 1864 881 1928 systema
908 1865 1094 1924 construunt,
1122 1861 1272 1928 quomodo
1303 1862 1336 1914 in

261 1949 503 2016 argumentando
536 1949 717 2018 procedunt?
750 1980 783 1987 —
819 1951 841 2003 1.
871 1949 988 2004 Indolcs
1019 1955 1277 2018 argumentorum.
1299 1980 1335 1989 -

261 2037 286 2090 2.
305 2037 496 2106 Argumenta
515 2039 672 2106 negativa3
690 2038 770 2092 unde
789 2036 984 2107 repetuntur?
1002 2039 1074 2107 quid
1090 2036 1210 2091 valent?
1225 2040 1257 2091 in
1273 2054 1337 2106 quo

261 2141 344 2180 error
363 2126 426 2181 est?
444 2127 519 2190 Quid
540 2129 616 2181 russi
635 2129 672 2182 de
692 2129 818 2182 scientia
835 2129 936 2181 infusa
955 2132 985 2181 et
1004 2129 1118 2181 virtute
1136 2127 1278 2181 censent?
1300 2159 1335 2166 -

260 2217 286 2270 3.
312 2215 503 2284 Argumenta
527 2219 668 2286 positiva:
702 2233 779 2286 quae
807 2223 837 2271 et
864 2217 943 2270 unde
971 2216 1147 2271 sumuntur?
1178 2216 1337 2279 Quomodo

261 2307 340 2358 russi
369 2321 453 2360 sacra
480 2305 633 2376 Scriptura
660 2305 808 2361 utuntur?
845 2306 996 2369 Quomodo
1030 2322 1066 2359 sc.
1092 2312 1192 2375 patres
1225 2306 1336 2360 distin·

261 2394 377 2461 guunt?
396 2411 465 2464 pag.
521 2435 1152 2450 ...............
1189 2396 1337 2450 115-122

369 2486 421 2540 III.
444 2489 467 2539 1.
487 2486 635 2540 Periectio
656 2501 733 2555 quae
752 2487 847 2554 primo
866 2487 979 2539 homini
999 2487 1144 2539 tribuitur
1162 2488 1337 2541 considera·

261 2584 312 2631 tur
330 2581 365 2631 ut
384 2577 540 2644 naturalis,
560 2583 687 2631 naturae
706 2576 820 2642 debita3
840 2590 913 2644 ergo
939 2577 1002 2628 eius
1031 2575 1159 2629 conditio
1183 2581 1217 2629 ut
1244 2581 1338 2630 natu-

260 2668 339 2722 ralis
351 2698 384 2705 -
397 2667 421 2719 2.
437 2666 524 2719 Russi
538 2681 597 2718 non
612 2669 795 2733 cognoscunt
809 2665 967 2719 discrimen
986 2666 1064 2718 inter
1083 2665 1161 2717 dona
1179 2666 1338 2719 naturalia

261 2763 291 2811 et
306 2756 584 2825 praeternaturalia.
602 2786 633 2830 f
644 2756 670 2808 3.
689 2753 791 2809 Status
810 2759 936 2808 naturae
952 2770 1045 2823 purae
1064 2755 1253 2822 impossibilis
1273 2760 1338 2820 est;

262 2845 334 2916 quid
361 2846 561 2914 exprobratur
579 2843 756 2898 catholicis?
781 2845 860 2897 unde
879 2845 1059 2912 proveniunt
1078 2847 1134 2896 bae
1159 2844 1336 2898 incrimina-

261 2933 374 2990 tiones?
402 2934 473 3003 quid
502 2934 577 2986 russl
604 2933 707 2987 dicunt
731 2932 767 2986 de
794 2933 1031 3000 concupiscentia
1049 2934 1213 3001 ceterisque
1233 2933 1337 2986 defec-

262 3024 361 3079 tibus?
379 3041 439 3093 pag
442 3061 1149 3076 .................
1190 3023 1337 3077 raa-127

369 3113 419 3166 lV.
439 3113 574 3178 Nomina,
593 3113 700 3180 quibus
719 3117 964 3180 protoparentum
985 3115 1081 3164 status
1100 3126 1118 3163 a
1132 3111 1223 3163 russis
1242 3126 1336 3180 appe·

229 3188 233 3203 ’
262 3205 352 3270 latur,
372 3207 564 3257 recensentur
583 3202 843 3270 explicanturque:
864 3201 891 3262 1)
910 3205 1007 3253 status
1026 3200 1181 3267 originalis
1208 3205 1237 3253 et
1264 3216 1336 3254 nor-

263 3294 358 3362 malis,
378 3294 407 3358 2)
425 3294 623 3362 perfectionis
643 3292 670 3357 3)
692 3293 771 3344 «sine
786 3296 933 3360 peccato»,
952 3291 980 3355 4)
1000 3289 1194 3353 rectitudinis,
1214 3290 1243 3355 5)
1257 3290 1339 3344 inte-

262 3384 391 3451 gritatis,
411 3383 440 3447 6)
457 3384 653 3446 innocentiae,
674 3397 742 3449 pag.
789 3418 1150 3434 .........
1189 3379 1340 3434 lat-130

370 3472 404 3526 V.
425 3472 584 3542 Appendix
606 3472 628 3524 Ι.
650 3469 753 3525 Status
774 3470 962 3524 innocentiae
981 3469 1135 3523 infantilis.
1156 3470 1179 3522 1.
1195 3468 1358 3538 Vestigia»

263 3561 354 3614 huius
373 3562 525 3614 doctrinae
544 3560 624 3629 apud
644 3560 798 3627 theologos
818 3575 922 3613 russos.
949 3561 973 3611 2.
995 3557 1150 3613 Sententia
1174 3557 1341 3613 Svietlovii

264 3650 301 3704 de
322 3653 402 3702 statu
422 3650 568 3715 infantili;
596 3654 777 3718 argumenta
803 3649 911 3718 quibus
938 3650 1080 3717 probatur
1099 3648 1146 3701 hic
1166 3653 1280 3711 status;
1308 3650 1340 3702 in

264 3755 322 3808 qno
343 3739 481 3807 ponitur?
506 3740 541 3793 ln
561 3755 619 3808 quo
638 3741 737 3792 inians
757 3740 853 3792 Adam
880 3738 983 3791 differt
1003 3753 1020 3790 a
1039 3742 1139 3790 nostro
1163 3736 1284 3791 infante
1311 3746 1344 3793 et

264 3830 296 3881 in
316 3844 374 3896 quo
393 3830 533 3882 convenit
552 3844 619 3881 cum
640 3828 691 3880 eo?
710 3844 770 3896 pag¹
773 3865 1152 3881 .........
1191 3826 1345 3882 130-133

371 3917 420 3971 VI.
445 3918 604 3985 Appendix
628 3918 664 3969 ll.
694 3917 845 3979 Quomodo
874 3917 958 3985 russi,
979 3915 1102 3969 bibliam
1121 3930 1190 3967 cum
1211 3917 1345 3972 scientia

264 4008 409 4061 moderna
428 4022 603 4074 componere
623 4005 762 4059 student?
790 4038 822 4044 —
854 4008 876 4059 1.
896 4005 972 4067 Quid
999 4010 1099 4057 censet
1126 4002 1287 4059 Svietlov?
1309 4039 1345 4046 —
