2872 4666
623 277 865 345 ,106-

208 493 359 557 malibus
381 493 523 557 nomina
546 493 709 576 imposuit
730 508 767 561 et
788 496 886 561 Deus
906 496 1031 562 eadem
1057 498 1295 581 approbavit

209 603 347 684 signum
377 616 432 666 est
455 602 630 666 Adomum
661 605 769 669 fuisse
791 614 908 670 mente
928 606 1295 688 observatrice‚

208 710 335 787 torti,
359 709 592 785 virida»¹'t
636 708 799 776 Ceterum
822 712 962 795 utrique
983 714 1123 778 iactum
1148 714 1294 796 imposi-

211 817 312 880 tionis
334 817 513 880 nominum
546 817 685 899 proprie
706 832 742 882 et
764 819 931 900 primario
952 820 1113 902 allegant
1136 821 1188 885 ad
1213 839 1294 902 pro·

210 924 326 987 banda
351 936 424 987 tum
447 925 584 988 iactum
606 936 681 987 tum
704 926 948 991 necessitatem
973 926 1086 990 divini
1108 928 1294 1010 paeda-go·

208 1046 313 1113 gatus
338 1046 499 1114 respectu
524 1033 625 1113 primi
648 1031 838 1112 hominisb
864 1033 902 1100 Si
925 1035 1066 1117 utrique
1087 1035 1294 1120 quidquam

209 1139 387 1219 differunt,
410 1140 446 1202 in
468 1158 509 1203 eo
531 1139 690 1221 dixerim,
721 1140 814 1223 quod
836 1158 920 1205 cum
940 1139 1100 1207 Svietlot·
1121 1146 1163 1208 et
1185 1143 1292 1209 Inno-

208 1248 345 1312 centius
377 1248 447 1310 iam
480 1247 612 1312 directe
645 1260 775 1330 negant
796 1249 856 1313 vel
878 1249 993 1330 ipsam
1014 1250 1293 1331 possibilitatem

209 1355 446 1420 scientiae
479 1356 688 1437 infusae,
719 1373 765 1420 ex
796 1356 982 1421 Philaletis
1012 1366 1292 1442 oeterorumque

211 1462 390 1544 principiis
412 1462 447 1524 id
472 1481 541 1525 non
564 1453 722 1544 sequitur
744 1463 811 1526 nisi
832 1463 1010 1529 indirecte

316 1569 347 1633 6.
370 1567 552 1648 Quantum
574 1569 621 1633 ad
645 1570 871 1651 voluntatem,
892 1571 969 1635 eius
990 1571 1163 1652 perfectio
1185 1572 1225 1636 in
1248 1591 1291 1637 eo

210 1676 406 1740 constitisse
437 1677 576 1757 dicitur,
607 1676 700 1759 quod
731 1694 801 1740 non
832 1677 945 1741 solum
967 1678 1043 1742 sine
1065 1682 1220 1760 peceato
1244 1696 1292 1743 ac

209 1783 348 1848 deiectu
384 1803 446 1848 seu
482 1785 574 1867 quod
610 1801 709 1866 pura,
744 1784 920 1867 innocens,
955 1794 1054 1850 recta
1086 1790 1193 1867 osset,
1226 1787 1292 1852 sed

209 1892 317 1955 etiam
348 1892 440 1973 quod
471 1891 543 1955 inm
566 1892 612 1954 ad
634 1892 858 1956 sanctitatem
879 1896 917 1957 et
937 1892 1106 1957 iustitiam
1128 1895 1293 1958 terretur

211 2016 273 2063 seu
295 1999 387 2082 quod
409 2010 500 2064 esset
522 1999 559 2062 in
582 1999 712 2062 bonum
732 1999 912 2064 inclinata.
957 2000 1026 2065 Sed
1053 2001 1133 2082 ipsa
1159 2001 1293 2082 virtus

211 2108 391 2188 sanctitas,
410 2108 551 2189 iustitia,
570 2108 698 2170 bonum
711 2112 814 2172 erant
826 2107 1042 2190 acquirenda
1056 2108 1293 2192 solummodo,

211 2215 469 2280 constituebant
491 2216 705 2279 solummodo
727 2216 842 2296 tinem,
874 2215 921 2279 ad
951 2234 1057 2299 quem
1084 2217 1195 2280 homo
1217 2224 1296 2282 toto

212 2323 308 2388 vitae
341 2341 426 2388 suae
458 2342 566 2387 cursu
590 2323 731 2388 tendere
749 2323 868 2386 debuit
890 2324 1039 2405 propriis
1060 2323 1207 2388 viribus
1229 2326 1295 2390 ad·

213 2430 357 2494 iuvante
380 2432 495 2512 gratia
519 2431 594 2496 Dei.

322 2537 514 2602 «Voluntas
537 2539 639 2620 primi
662 2537 819 2618 hominis,
842 2538 956 2621 inquit
977 2537 1186 2621 Philareoes,
1219 2558 1295 2604 non

211 2645 323 2710 solum
361 2663 383 2708 a
417 2646 609 2710 defectibus
641 2646 710 2721 (alii
733 2645 867 2710 dicunt:
899 2663 922 2709 a
944 2652 1100 2727 peceato,
1131 2663 1159 2709 a
1184 2649 1296 2725 malo)

319 2882 336 2941 ¹!
358 2878 502 2932 t'ntrnons.
531 2893 577 2946 op.
604 2892 628 2929 e.
654 2876 692 2931 ΙΙ.
718 2877 795 2940 ἐ39.
814 2892 842 2944 p.
860 2877 904 2929 47.
924 2906 958 2914 -
976 2875 1059 2929 Haec
1075 2877 1224 2945 exempla
1246 2880 1294 2932 in-

210 2971 287 3023 dicio
306 2969 390 3023 nobis
409 2980 530 3036 possunt
550 2982 622 3031 esse,
648 2966 796 3035 quomodo
820 2968 897 3020 russi
921 2981 991 3020 cum
1015 2962 1175 3033 Scriptura
1202 2982 1295 3022 sacra

211 3066 241 3113 et
259 3075 296 3113 ss.
316 3059 450 3128 patribus
468 3057 633 3110 doctrinam
652 3071 738 3108 snam
756 3053 959 3124 componant?
985 3053 1084 3108 Verba
1103 3054 1294 3125 relinquunt

212 3150 323 3203 intacta
342 3162 433 3217 atque
452 3149 554 3201 citant.
573 3146 625 3198 scd
644 3147 733 3198 aliam
752 3146 795 3198 eis
809 3145 1061 3213 significationem
1075 3158 1155 3212 quae
1170 3146 1293 3200 scilicet

211 3241 271 3293 suis
290 3239 446 3293 conveniat
466 3237 618 3305 principiis
636 3236 783 3289 tribuunt.
949 3222 953 3227 ¹

320 3331 337 3392 ²,
358 3328 481 3380 Factum
508 3327 704 3394 impositionis
728 3325 883 3378 nominum
909 3324 987 3376 russi
1009 3322 1055 3376 bis
1077 3321 1234 3391 allegant:
1259 3330 1292 3378 et

212 3419 266 3472 hoc
294 3419 399 3486 capite,
427 3424 456 3468 ct
483 3431 550 3468 cum
578 3415 616 3467 dc
644 3415 787 3468 relatione
815 3413 872 3466 Dei
889 3410 1075 3480 providentis
1091 3411 1131 3465 ad
1150 3413 1291 3480 primum

212 3510 360 3563 hominem
387 3516 497 3574 agunt3
525 3505 576 3558 scd
604 3507 664 3558 alia
691 3512 782 3572 atque
815 3503 874 3556 alia
908 3503 1033 3556 ratione.
1069 3501 1127 3556 Hic
1143 3504 1291 3559 atterunt

212 3598 286 3650 illud
306 3598 343 3649 acl
363 3594 583 3648 monstrandam
599 3595 659 3646 vim
679 3593 788 3646 mentis
806 3598 898 3660 atque
916 3592 1110 3659 sagacitatem
1125 3592 1218 3658 primi
1233 3593 1290 3646 lio·

213 3687 314 3749 minis3
332 3686 373 3738 ibi
392 3685 430 3738 acl
450 3684 675 3747 ostendendum,
703 3682 849 3751 quomodo
868 3682 950 3734 Deus
968 3680 1128 3748 providens
1149 3681 1289 3749 primum

213 3775 360 3828 homincin
382 3776 508 3826 instruat
528 3786 619 3840 atquc
640 3770 771 3825 cducct?
789 3771 834 3823 lta
854 3780 888 3823 ut
907 3771 962 3823 hoc
979 3770 1077 3839 capite
1091 3773 1156 3823 tota
1169 3771 1218 3823 ris
1233 3787 1289 3840 po·

213 3876 302 3918 natur
327 3865 356 3916 in
381 3864 492 3916 serbis:
521 3874 565 3914 «et
592 3863 777 3930 imposuit
803 3859 983 3913 animalibus
1008 3858 1156 3923 uomina»,
1184 3859 1228 3912 ibi
1254 3861 1290 3914 in

214 3954 323 4007 verbis:
345 3966 388 4005 ‹ct
408 3952 575 4005 adduxit
596 3952 695 4003 Deus
715 3949 752 4002 ad
772 3966 840 4002 cum
860 3949 1028 4002 animalia».
