2872 4666
173 105 320 184 gnoscat
354 116 456 163 suum
492 97 677 163 Factorem
699 116 744 163 ac
766 98 940 180 glorificet
962 116 1032 163 neu
1054 98 1155 163 vivat
1175 93 1229 160 nisi

175 210 316 290 propter
340 207 428 270 Eum
446 209 481 270 et
499 205 535 269 in
555 205 682 270 unione
700 222 782 269 cum
801 204 869 269 ua»
884 204 914 284 ΙΙ
941 204 1010 269 «Eo
1027 204 1113 288 ipso,
1135 202 1237 286 inquit

177 313 391 388 Tichvinski‚
415 313 507 396 quod
530 313 632 377 homo
655 312 701 375 ad
723 311 912 395 imaginem
936 312 1002 379 Dei
1025 315 1167 378 creatus
1184 313 1241 393 est,

175 423 250 486 alta
268 439 407 504 quoque
425 421 499 485 cius
518 420 702 486 destinatio
720 420 982 485 determinatur.
1004 418 1142 485 Etenim
1167 434 1244 484 oum

176 529 265 594 haec
288 528 405 610 imago
428 527 537 609 ipsius
559 526 626 592 Dei
650 525 824 592 Creatoris
857 526 972 610 imago
1004 526 1058 607 sit,
1092 526 1184 608 iugis
1215 528 1248 590 et

178 636 346 700 continua
369 635 509 700 animae
532 635 709 700 humanae
732 635 910 700 tendentia
928 635 964 699 in
984 634 1099 700 Deum
1117 635 1254 717 pariter

176 749 211 809 et
237 743 419 826 propensio
442 746 477 806 et
499 742 679 806 constituit
710 742 861 823 primum
890 741 1122 824 ultimumque
1144 746 1254 808 terre·

179 854 289 916 strem
312 849 461 914 hominis
484 849 608 914 tinem»
625 847 655 928 Β).
679 848 814 913 Pariter
839 849 1025 914 Rudakov:
1053 849 1180 930 «Deus,
1204 848 1254 912 in·

180 958 263 1041 quit
286 957 460 1021 hominem
494 956 640 1020 donavit
662 956 851 1038 intellectu,
885 957 946 1039 qui
977 957 1090 1022 femur
1122 956 1161 1019 in
1195 957 1254 1020 ab

56 1080 59 1085 ·
178 1067 327 1131 solutam
346 1066 543 1147 veritatem,
566 1065 758 1146 voluntate,
776 1082 869 1147 quae
887 1063 996 1129 tendit
1013 1064 1060 1127 ad
1074 1063 1259 1143 infinitum

177 1173 319 1254 bonum,
352 1171 466 1253 corde,
498 1170 588 1253 quod
621 1171 755 1252 appetit
786 1170 960 1235 infinitam
992 1170 1261 1251 beatitudinem,

179 1298 220 1346 eo
243 1280 323 1362 tine,
355 1282 394 1343 ut
425 1279 526 1343 homo
550 1281 735 1360 quaereret
758 1278 881 1361 Deum,
914 1282 1140 1361 cognosceret
1164 1278 1262 1343 Eum

180 1391 215 1453 et
237 1403 357 1452 amore
380 1388 648 1468 prosequeretur
672 1389 853 1467 tamquam
872 1384 984 1450 omnis
1001 1385 1175 1468 veritatis,
1201 1385 1263 1449 bo·

180 1493 299 1558 nitatis
335 1498 371 1558 et
408 1492 633 1557 beatitudinis
670 1494 818 1557 iontem»
834 1490 864 1570 θ)
910 1491 979 1556 Hic
1010 1491 1091 1556 tinia
1123 1491 1265 1557 dicitnr

181 1600 394 1684 principalis.
420 1599 633 1664 —Accedit
664 1617 750 1665 vero
773 1600 841 1668 ille
871 1601 917 1664 ad
940 1616 1030 1682 eum,
1061 1616 1170 1682 quem
1195 1616 1266 1664 nos

181 1708 345 1774 catholici
382 1707 529 1771 dicimus
567 1708 711 1772 finem
735 1707 813 1789 qui
845 1725 908 1771 seu
948 1705 1165 1785 objectivum
1199 1724 1266 1772 ex·

179 1821 326 1881 ternum.

290 1922 411 1986 Relate
435 1922 480 1986 ad
505 1921 657 2003 scipsum
685 1921 766 1987 finis
790 1922 937 1986 hominis
960 1925 1021 2003 est,
1057 1924 1116 1985 ‹ut
1142 1921 1268 2004 homo,

182 2030 311 2114 quippe
344 2030 402 2112 qui
438 2030 484 2093 ad
508 2029 694 2112 imaginem
719 2028 784 2093 Dei
812 2030 972 2094 conditus
995 2028 1267 2113 moralibusque

187 2138 322 2202 viribus
355 2137 534 2218 praeditus
566 2137 619 2220 sit
652 2137 816 2201 continuo
847 2138 988 2203 easdem
1019 2137 1191 2203 evolvere
1215 2154 1266 2203 ac

183 2245 354 2327 perficere
377 2249 477 2308 curet
499 2245 590 2308 bona
613 2262 720 2326 opera
743 2245 939 2310 exercendo
965 2262 1010 2309 ac
1042 2261 1119 2310 sese
1141 2245 1267 2327 magis

186 2351 372 2433 magisque
396 2368 458 2414 suo
481 2352 664 2432 prototypo
687 2355 722 2416 et
744 2351 947 2434 Exemplari
964 2350 1215 2416 assimilando»
1228 2350 1267 2430 4Ι.

183 2458 250 2523 Hic
283 2458 364 2523 finis
401 2458 634 2522 essentialiter
665 2476 734 2522 non
767 2457 888 2523 differe
920 2476 942 2522 a
974 2458 1086 2540 primo
1112 2457 1266 2540 dicitur;

97 2618 101 2622 .
183 2567 287 2629 immo
313 2583 397 2629 vero
426 2566 545 2630 eodem
568 2565 699 2629 includi
723 2570 758 2629 et
781 2583 857 2630 esse
882 2566 990 2630 veluti
1018 2565 1264 2631 necessariam

184 2673 338 2738 eiusdem
358 2673 569 2754 assequendi
586 2673 826 2754 conditionem,
850 2691 931 2736 cum
951 2673 1138 2754 praecipue
1157 2672 1267 2738 bonis

184 2780 345 2862 operibus
374 2779 488 2843 Deum
513 2780 671 2843 colamus
698 2780 1010 2862 glorificemusque.
1055 2778 1111 2843 Ex
1141 2779 1268 2846 altera

185 2905 269 2950 vero
294 2891 393 2968 parte
417 2904 497 2950 cum
522 2887 622 2950 homo
646 2892 816 2968 quantum
837 2887 998 2968 proficiat
1016 2887 1157 2969 virtute,
1181 2890 1262 2952 tan·

186 2998 259 3057 tum
284 2997 318 3057 et
342 2993 591 3059 beatitudinem
625 3000 868 3077 consequatur,
900 3012 992 3076 quae
1024 2996 1078 3058 est
1108 2996 1268 3060 eftectus

295 3283 314 3345 1)
332 3279 462 3348 Manapin.
483 3280 586 3332 Borocn.
607 3279 629 3346 Ι,
650 3284 665 3343 ᾖ
685 3280 729 3346 83,
749 3295 774 3347 p.
796 3280 856 3334 459.

295 3372 315 3433 ³)
334 3369 513 3435 Tnxnnncnilb
534 3385 578 3437 op.
598 3385 621 3421 c.
641 3368 678 3435 ΙΙ,
698 3385 753 3420 nnn.
773 3368 797 3434 8,
819 3384 843 3436 p.
866 3368 924 3421 101.

295 3461 316 3521 ³)
334 3458 481 3523 Pynanonn,
502 3472 546 3525 op.
567 3473 591 3511 c.
612 3461 627 3521 ἓ
647 3458 689 3524 39,
710 3472 736 3524 p.
756 3457 799 3510 73.

294 3547 623 3616 ⁴)ItIanapi1i.Borocron.
644 3547 665 3615 Ι,
686 3551 701 3611 ς
721 3547 763 3613 83,
784 3562 810 3614 p.
829 3547 979 3600 lab-461.
1077 3536 1081 3542 ⁵

1349 82 1423 150 tans)

1353 159 1436 256 taff

1361 314 1378 363 a
1394 280 1430 331 θ

1375 402 1406 467 nb
