2872 4666
559 335 845 438 .-200-

191 548 274 632 quid
307 549 576 630 supernaturale
607 549 803 630 admittant,
836 549 902 614 hoo
930 549 1069 615 nomine
1094 549 1267 632 providae

191 655 255 722 Dei
275 656 526 738 cooperationis
545 655 833 737 complectuntur.

298 761 360 827 111.
384 762 461 827 Duo
480 763 586 845 igitur
606 767 696 844 sunt,
719 763 779 846 qui
797 763 843 828 ad
862 764 1009 829 hominis
1028 764 1270 829 evolutionem

190 887 236 934 ac
272 888 493 953 progressum
531 878 759 934 concurrunt:
797 871 898 934 homo
934 871 1083 954 propriis
1117 872 1271 951 viribus,

191 977 333 1060 propria
355 976 528 1041 industria
546 983 581 1041 et
599 979 783 1043 activitate
801 983 837 1044 et
851 978 946 1043 Deus
966 979 1123 1061 provisor
1143 997 1273 1062 coope-

190 1085 327 1151 ratione
341 1102 405 1150 sua
419 1084 573 1166 speciali.
588 1082 812 1168 Quamquam
826 1083 993 1150 Silvester
1007 1090 1042 1150 et
1056 1085 1275 1151 Tiohvinski

191 1191 314 1257 dicunt
345 1191 554 1273 praecipuas
587 1196 705 1273 partes
737 1191 773 1255 in
805 1193 874 1257 hac
907 1194 1103 1258 evolutione
1125 1195 1275 1278 gratiae

190 1317 267 1364 esse
298 1299 501 1364 tribuendas
533 1304 568 1364 et
600 1317 669 1363 non
701 1300 840 1380 homini,
871 1299 908 1363 in
940 1318 1009 1384 quo
1038 1307 1157 1367 tamen
1182 1303 1275 1367 illae

192 1405 419 1487 constiterint,
443 1424 511 1470 non
534 1406 730 1471 ostendunt.
775 1404 937 1472 Ceterum
969 1407 1005 1471 in
1038 1411 1109 1471 toto
1142 1427 1272 1473 eorum

191 1518 382 1596 systemate
423 1513 561 1594 proprie
603 1520 639 1579 et
681 1531 766 1579 vere
807 1514 882 1596 ipse
914 1514 1015 1579 homo
1047 1522 1200 1597 apparet
1232 1524 1277 1580 nt

191 1638 349 1702 operans,
381 1621 498 1702 gratia
520 1621 657 1686 nonnisi
680 1622 869 1703 cooperari,
892 1622 1066 1704 auxiliari,
1090 1622 1275 1689 adiuvare

193 1726 321 1793 dicitur
334 1727 361 1807 ¹).

299 1833 356 1899 Sic
393 1838 625 1900 concurrente
658 1834 731 1899 Deo
768 1836 965 1917 providenti
1001 1837 1103 1901 homo
1142 1837 1274 1920 incipit

192 1959 394 2025 processum
417 1941 663 2008 intellectualis
696 1943 907 2025 moralisque
938 1960 1023 2007 suae
1047 1944 1273 2026 evolutionis,

192 2049 324 2131 incipit
337 2048 449 2114 vitam
473 2066 558 2114 vere
582 2050 759 2131 moralem,
782 2049 994 2131 deisimilam,
1019 2051 1272 2132 spiritualem...

192 2157 302 2222 intrat
324 2158 360 2220 in
383 2156 662 2222 communionem
685 2164 720 2222 et
743 2158 955 2222 consortium
988 2175 1070 2222 cum
1094 2157 1180 2223 Deo.
1228 2159 1269 2223 Id

193 2282 287 2346 vero,
315 2265 407 2347 quod
430 2280 475 2328 ex
498 2263 567 2327 hac
590 2263 788 2329 evolutione
811 2267 973 2346 provenit
996 2265 1054 2331 vel
1078 2268 1272 2347 provenire

191 2371 301 2452 debet,
325 2374 488 2437 vocatur:
517 2371 722 2434 assimilatio
753 2371 828 2454 Dei,
862 2371 926 2437 Dei
960 2372 1157 2454 similitudo,
1190 2393 1269 2456 per·

192 2477 305 2558 lectio,
337 2477 470 2541 veritas
501 2482 536 2542 et
568 2477 692 2558 virtus,
718 2477 851 2541 iustitia
872 2483 907 2543 et
931 2480 1119 2560 sanctitas;
1155 2481 1271 2545 maior

193 2587 300 2666 atque
319 2583 430 2648 maior
445 2585 526 2647 unio
540 2601 622 2648 cum
636 2583 710 2650 Deo
724 2588 788 2650 etc.
812 2584 967 2651 Tandem
991 2586 1100 2651 veluti
1123 2587 1272 2651 ultimus

192 2692 340 2756 enectus
362 2709 407 2756 ac
430 2692 576 2772 fructus,
600 2691 711 2756 veluti
729 2709 864 2757 merces
883 2696 919 2758 et
936 2710 1066 2757 corona
1085 2698 1267 2777 consequi-

192 2803 251 2862 tur
274 2798 363 2862 haec
386 2798 502 2862 omnia
526 2798 610 2862 vita
625 2803 770 2863 aeterna
804 2817 865 2864 seu
898 2799 1076 2865 beatitudo
1108 2818 1192 2864 cum
1217 2805 1269 2865 vi-

192 2905 288 2970 sione
311 2905 385 2970 Dei.

300 3011 477 3096 Quidquid
500 3030 583 3095 ergo
606 3017 667 3096 est,
700 3016 735 3078 et
767 3013 851 3094 vita,
885 3031 993 3096 quam
1021 3015 1122 3078 homo
1146 3034 1268 3097 coope-

192 3126 296 3184 rante
332 3121 448 3201 gratia
484 3120 618 3202 incipit,
655 3123 690 3184 e't
730 3120 791 3183 illa
834 3121 1008 3201 perfectio,
1050 3120 1110 3186 ille
1144 3126 1268 3200 status,
1315 3177 1317 3182 .

192 3228 322 3311 quiex
345 3228 412 3291 hac
437 3227 584 3291 hominis
607 3227 793 3291 activitate
810 3230 846 3294 et
864 3229 999 3310 gratiae
1023 3231 1267 3310 cooperatione
1305 3259 1317 3291 ι

303 3457 322 3524 ¹)
341 3457 377 3510 ln
396 3472 516 3528 genere,
543 3465 577 3510 ut
596 3457 735 3525 diximus,
762 3472 915 3511 russorum
941 3456 1077 3511 doctrina
1102 3458 1140 3511 da
1165 3460 1263 3526 gratia
1277 3477 1317 3512 ι

192 3547 283 3615 primi
293 3546 419 3600 hominis
430 3546 520 3600 valde
529 3546 655 3601 obscura
663 3552 722 3613 est3
742 3547 804 3600 vid.
816 3562 906 3615 supra
917 3563 943 3615 p.
955 3546 1076 3614 24-273
1088 3547 1140 3601 160
1150 3563 1191 3616 sq.
1207 3546 1317 3602 Sedl

194 3652 293 3704 neque
312 3651 428 3703 semper
447 3637 587 3690 clariores
614 3642 685 3690 sunt
710 3650 809 3704 neque
838 3636 964 3690 rectiora
990 3638 1146 3704 proferunt
1173 3639 1317 3692 etiamr.

192 3740 261 3778 cum
281 3726 317 3777 de
336 3726 435 3791 gratia
454 3725 581 3778 hominis
602 3725 677 3793 lapsi
696 3730 801 3793 agunt.
821 3725 931 3778 Eadem
958 3727 1118 3794 permixtio
1143 3732 1172 3780 et
1198 3742 1266 3795 per·
1305 3747 1317 3756 -

192 3814 291 3867 versio
310 3814 461 3867 doctrinae
488 3814 525 3866 de
551 3815 650 3881 gratia
677 3815 858 3883 conspicitur
884 3830 1002 3883 quoque
1027 3815 1107 3885 apud
1126 3831 1247 3884 graecos
1299 3851 1317 3866 .

193 3903 371 3957 documento
391 3907 487 3972 potest
506 3919 570 3956 esse
597 3904 757 3969 «Πηδαλιον»
779 3920 806 3972 p.
826 3905 969 3959 419-430
987 3906 1086 3960 adnot.
1102 3903 1206 3959 -Sed
1224 3904 1271 3954 d·
1288 3926 1317 3956 ι

195 3990 241 4044 his
259 3992 378 4059 integer
397 3997 543 4046 tractatus
563 3998 640 4045 esset
660 3993 840 4046 scribendus.
