2872 4666
695 388 731 397 .-
781 352 825 417 36
876 388 913 397 -.

269 552 301 615 h.
324 570 353 616 e.
376 549 480 633 plane
499 566 584 613 suae
607 548 701 613 altae
719 547 940 613 destinationi
957 550 1246 631 correspondens
1265 555 1349 635 (pro-

269 658 502 742 portionatus),
512 672 728 738 quamquam
743 655 904 739 prosequi
918 674 1020 721 suum
1030 657 1149 737 linem,
1166 657 1203 721 id
1219 666 1276 723 est
1286 659 1349 727 Dei

267 764 552 831 assimilationem
580 772 615 827 et
642 763 761 828 debuit
792 762 985 829 adiuvante
1011 764 1130 846 gratia
1159 764 1309 831 divina»
1320 766 1348 847 1).

268 873 365 939 Idem
383 872 452 953 alii,
473 870 530 934 ubi
544 870 588 935 de
601 870 821 952 providentia
839 869 961 935 divina
978 870 1090 937 relate
1112 871 1161 935 ad
1185 873 1344 955 primum

270 980 443 1045 hominem
467 986 586 1058 agunt.

376 1085 444 1153 Sed
462 1100 528 1149 cur
546 1090 711 1149 creatura
730 1083 911 1148 rationalis
929 1084 1029 1149 illum
1041 1084 1160 1167 finem,
1174 1086 1226 1151 ad
1242 1106 1345 1171 quom

269 1200 398 1261 natura
422 1210 486 1256 sua
509 1198 545 1257 et
568 1191 740 1256 destinata
762 1197 817 1256 est
846 1198 882 1256 et
914 1198 1007 1274 apta,
1039 1196 1171 1257 nanrra
1206 1213 1347 1280 quoque

269 1301 408 1384 assequi
440 1318 508 1364 non
542 1298 682 1381 potest?
717 1334 755 1343 -
788 1299 837 1363 Eo
871 1300 971 1363 iuxta
1002 1316 1130 1383 russos,
1170 1306 1345 1385 utsupra

269 1408 430 1490 vidimus,
448 1407 540 1490 quod
559 1409 724 1470 creatura
743 1406 933 1489 rationalis,
952 1424 1034 1471 cum
1048 1407 1151 1472 linita
1165 1408 1222 1490 sit,
1237 1428 1262 1474 a
1276 1412 1346 1476 iine

269 1516 419 1581 deiicere
443 1520 566 1596 potest3
590 1531 672 1577 cum
696 1530 781 1579 vero
804 1514 914 1578 libera
938 1514 991 1596 sit,
1012 1514 1059 1578 ad
1078 1515 1211 1580 bonum
1232 1534 1346 1602 aeque

268 1629 304 1688 et
327 1622 457 1685 malum
482 1630 566 1702 apta
598 1626 660 1685 est
706 1620 798 1702 Ergo
832 1627 869 1683 ut
900 1620 1029 1685 bonum
1060 1630 1229 1703 operetur
1254 1643 1345 1692 neve

269 1748 291 1794 a
323 1729 393 1794 iine
426 1746 488 1792 suo
521 1727 672 1809 deficiat,
709 1727 840 1808 indiget
876 1728 1117 1809 providentiae
1154 1746 1344 1813 concursu,

269 1836 412 1920 speciali
436 1835 569 1899 auxilio
592 1834 658 1900 Dei
681 1853 742 1901 seu
765 1836 1018 1919 cooperatione,
1049 1853 1111 1903 seu
1134 1838 1257 1920 gratia
1286 1840 1346 1905 ad·

270 1947 428 2024 iuvante3
469 1944 543 2007 sine
579 1961 649 2025 qua
683 1961 795 2026 neque
826 1944 1019 2027 generatim
1056 1945 1226 2010 evolvi
1264 1952 1347 2012 aut

269 2051 492 2134 progredi
530 2058 757 2116 creatura
790 2055 920 2133 protest
955 2069 1065 2134 neque
1089 2052 1205 2117 vitam
1240 2072 1347 2123 «vere

268 2158 505 2241 spiritualem»
533 2158 602 2221 ullo
626 2159 725 2222 modo
747 2175 852 2241 agere
875 2163 938 2221 aut
960 2174 1066 2241 opera
1085 2175 1172 2223 vere
1192 2163 1347 2228 moralia

268 2284 436 2332 exercere
450 2263 478 2345 ἵ).

376 2373 499 2454 Itaque
518 2373 607 2453 iinis,
630 2372 675 2436 ad
694 2390 798 2455 quem
822 2376 987 2437 creatura
1010 2371 1193 2438 rationalis
1219 2376 1346 2442 ultimo

268 2480 472 2560 destinatur,
505 2498 720 2561 numnquam
754 2498 821 2543 non
854 2486 907 2543 est
939 2480 1077 2544 omnino
1109 2498 1222 2562 supra
1259 2502 1349 2566 eam,

269 2606 377 2670 supra
391 2587 422 2665 ej
427 2606 465 2649 us
481 2588 604 2651 saltem
615 2587 808 2651 innocentis
818 2594 993 2667 naturam,
1002 2592 1055 2652 est
1064 2588 1186 2652 tamen
1197 2607 1348 2670 prorsus

268 2714 376 2777 supra
387 2695 461 2771 ejus
478 2695 570 2758 vires
586 2713 645 2757 scu
662 2696 773 2775 potius
789 2694 940 2757 virium
956 2693 1217 2776 exercitium,
1235 2717 1349 2782 supra

268 2804 343 2883 ejus
367 2802 608 2882 evolutionem,
632 2820 851 2883 progressum
875 2820 919 2865 ac
943 2803 1137 2883 proiectum
1147 2800 1180 2882 ⁸).

378 3036 396 3094 ¹)
417 3031 569 3083 iinon-nin.
596 3033 810 3083 umnnnnnnm
836 3032 996 3084 Borornonio.
1022 3030 1099 3085 cun
1120 3032 1201 3087 1894.
1228 3034 1302 3099 Hau.
1321 3039 1348 3103 4,

269 3137 337 3190 pag.
358 3121 399 3174 39.

377 3211 397 3275 ⁹)
416 3208 491 3261 l'idr
507 3224 583 3278 quan
595 3225 683 3276 supra
693 3227 720 3262 n.
732 3209 774 3262 XI
784 3209 986 3264 disseruimus.
1003 3241 1036 3248 —
1051 3209 1198 3277 Castanea,
1214 3226 1264 3282 op.
1281 3232 1307 3272 e.
1322 3217 1346 3283 I,

268 3301 345 3363 599,
367 3316 392 3367 p.
412 3300 565 3353 327-330:
586 3304 600 3362 ἓ
620 3300 662 3355 33.
683 3316 709 3367 p.
729 3300 781 3353 396
801 3302 1009 3354 necessitatem
1029 3299 1151 3369 quidem
1165 3299 1262 3357 huius
1277 3322 1347 3375 pro·

269 3389 441 3441 videntialis
461 3389 514 3440 Dri
542 3389 666 3441 actionis
692 3405 751 3441 non
772 3389 867 3442 solum
888 3404 926 3442 ex
945 3390 1009 3458 ipsa
1027 3392 1181 3442 creaturae
1201 3391 1296 3448 finita
1317 3402 1346 3449 et

269 3479 396 3530 limitata
416 3479 523 3545 repetit
543 3484 659 3541 natura,
686 3477 846 3530 sedetiam
867 3493 905 3531 ex
923 3480 993 3546 fine,
1012 3477 1051 3533 ad
1069 3492 1156 3547 quern
1174 3478 1230 3533 illa
1251 3481 1345 3537 desti·

268 3574 365 3619 natur.
385 3566 526 3619 Attmnen
542 3582 601 3619 non
621 3566 695 3634 idco,
715 3567 794 3634 quod
813 3568 864 3620 ille
879 3568 949 3620 finis
963 3574 1103 3623 naturam
1117 3568 1245 3637 eiusque
1262 3574 1345 3626 vires

268 3663 359 3724 utque
379 3656 562 3723 exigentiam
589 3657 676 3725 plane
703 3656 881 3725 transcodat,
909 3664 942 3711 ut
969 3657 1107 3711 catholici
1135 3657 1261 3728 volunt;
1292 3662 1345 3715 sed

268 3744 452 3797 solummodo
472 3744 558 3812 quod.
579 3761 646 3797 curn
666 3746 803 3799 infinitus
830 3747 875 3805 sit.
903 3763 920 3800 a
948 3748 1036 3800 linita
1063 3750 1200 3800 creatura
1226 3752 1345 3821 attingi

268 3849 327 3886 non
347 3835 437 3900 possit
458 3835 516 3886 nisi
534 3834 701 3887 adiuvant(¹
722 3837 829 3903 grui-ia.

377 3924 396 3986 ³)
415 3922 468 3975 His
480 3925 568 3975 otium
580 3925 677 3991 magis
688 3925 885 3978 confirmatur
899 3941 996 3978 russos
1011 3925 1126 3979 nullam
1135 3924 1344 3984 elevationem

267 4012 440 4065 allinittore:
461 4011 497 4064 de
517 4029 575 4080 qua
596 4030 628 4064 re
647 4014 743 4067 insius
763 4015 849 4067 inira.
883 4015 1020 4069 Proiecto
1040 4015 1117 4069 russi
1134 4015 1228 4069 etiam
1246 4026 1346 4088 atque
