2872 4666
715 284 955 350 -130-

298 501 419 562 turae
438 497 611 579 perfectio,
631 515 737 580 quarn
756 498 921 579 perfectio
935 515 1026 580 quae
1041 498 1180 579 propria
1195 499 1374 563 industria

298 622 343 668 ac
368 604 540 686 proposito
563 608 616 668 est
638 605 799 669 evoluta»
816 603 844 684 ¹).

405 710 446 774 V.
469 711 680 793 Appendicis
712 711 822 775 instar
854 713 1024 776 adicimus
1053 717 1183 776 statum
1208 718 1373 795 protopa-

297 821 436 884 rentum
468 825 628 900 coeptum
661 837 735 884 esse
767 820 889 883 vocari
913 825 1043 883 statum
1067 821 1287 886 innocentiae
1311 822 1373 884 in-

296 928 311 989 f
320 926 491 989 antilis
515 944 575 990 seu
599 929 729 988 statum
753 926 956 990 infantilem.

408 1035 436 1096 1.
459 1030 564 1096 Cuius
584 1033 635 1097 rei
656 1033 803 1112 vestigia
827 1033 897 1095 iam
916 1035 1009 1114 apud
1033 1034 1241 1097 Philaretem
1268 1015 1373 1099 Cerri.

299 1140 535 1219 inveniuntur,
544 1140 603 1222 qui
614 1139 698 1203 dicit
708 1144 969 1221 protoparentes
980 1159 1048 1203 non
1058 1141 1164 1204 fuisse
1174 1139 1238 1203 nisi
1250 1151 1375 1205 mente

298 1246 456 1326 simplici,
480 1247 648 1327 imperita,
668 1247 820 1310 nondum
843 1250 983 1310 matura
996 1245 1025 1325 ²).
1063 1247 1197 1310 Pariter
1215 1256 1251 1311 et
1271 1247 1373 1327 apud

300 1351 507 1418 Silvestrum
530 1353 685 1418 occurrit
707 1354 904 1434 propositio:
936 1353 1065 1416 «Homo
1089 1352 1185 1415 initio
1213 1357 1293 1417 erat
1316 1372 1370 1416 so-

297 1461 471 1524 lummodo
493 1461 530 1523 in
553 1465 647 1524 statu
672 1461 821 1524 infantili
840 1462 871 1524 h.
890 1479 919 1525 e.
938 1460 1150 1523 solummodo
1169 1460 1266 1523 initio
1286 1460 1375 1525 viae

299 1567 345 1631 ad
368 1585 469 1630 suum
493 1566 709 1647 spiritualem
733 1567 970 1649 moralemque
994 1568 1207 1646 profectum»
1222 1565 1252 1644 ³).
1301 1565 1371 1631 Sed

298 1675 435 1755 proprie
453 1673 606 1754 archiep.
625 1673 847 1740 Innocentius
868 1677 906 1735 ut
924 1677 1048 1737 auctor
1071 1673 1173 1737 huius
1197 1672 1377 1755 opinionis

296 1799 318 1844 a
343 1778 739 1860 Sviotlov'salutatur4).

402 1890 432 1952 2.
457 1888 536 1968 Ipse
558 1905 643 1953 vero
672 1885 829 1952 Svietlov
863 1888 955 1951 hanc
987 1887 1182 1950 doctrinam
1214 1887 1288 1950 iam
1322 1889 1373 1951 ad

296 1995 437 2059 ultimas
460 1996 600 2061 deducit
623 1994 896 2077 consequentias.
920 1994 963 2075 Is,
983 1997 1022 2057 ut
1040 1993 1201 2076 vidimus,
1223 1995 1298 2057 iam
1324 2015 1373 2060 ex

296 2119 339 2165 ss.
362 2102 520 2183 patribus
545 2103 693 2182 probare
716 2101 838 2164 nititur
862 2103 1122 2182 protoparentes
1155 2119 1222 2163 non
1258 2102 1373 2167 fuisse

296 2209 360 2272 nisi
384 2209 418 2272 in
443 2213 538 2272 statu
561 2209 779 2274 innocentiae
803 2208 979 2271 infantilis.
1016 2208 1081 2271 Sed
1106 2209 1300 2289 praecipue
1323 2215 1377 2274 ert

295 2334 319 2380 e.
336 2315 516 2396 Scriptura
536 2317 653 2379 haurit
672 2334 736 2379 sua
760 2319 980 2398 argumenta:
1004 2315 1195 2396 etquidem
1219 2326 1299 2379 tum
1325 2336 1374 2382 ex

296 2427 481 2504 praecepto
514 2425 604 2505 quod
628 2423 928 2503 protoparentibus
961 2423 1082 2485 datum
1114 2427 1175 2501 est,
1213 2426 1294 2486 tum
1324 2444 1375 2488 ex

294 2530 407 2594 indole
431 2548 550 2594 eorum
575 2531 701 2611 lapsus.

405 2637 545 2718 «Biblia,
569 2637 689 2719 inquit,
713 2638 823 2699 solam
847 2637 940 2699 hanc
963 2636 1157 2716 opinionem
1191 2636 1373 2714 (innocen-

293 2743 379 2806 tiam
403 2744 463 2807 scl.
478 2744 682 2821 infantilem)
700 2743 885 2821 (indirecte)
905 2743 1098 2806 confirmat.
1123 2743 1220 2808 Haec
1238 2745 1372 2809 solum-

294 2847 393 2913 modo
425 2851 537 2931 opinio
570 2850 813 2914 necessitatem
846 2857 880 2913 et
912 2850 1083 2914 rationem
1106 2850 1209 2931 primi
1234 2869 1371 2932 prac-

293 2957 428 3038 cepti,
465 2958 556 3040 quod
594 2957 894 3037 protoparentibus
936 2957 1132 3036 impositum
1174 2962 1266 3041 erat,
1309 2979 1372 3024 ex·

402 3318 421 3380 ¹)
446 3313 675 3375 Poanemssencniii
703 3313 737 3364 H.
765 3313 799 3365 Π.
827 3313 1025 3380 Xpucriarrcnaa
1052 3312 1243 3367 Anonorerfflta.
1275 3315 1374 3385 unio,

293 3405 444 3459 Oenoanaro
462 3404 625 3457 Borocuoaia.
646 3404 710 3464 llan.
731 3403 755 3466 9,
776 3402 853 3456 CllB.
875 3402 1126 3470 1903‚11p.289.

400 3497 421 3559 ²)
440 3495 578 3562 damper-1,
605 3493 684 3560 1lepu.
712 3508 755 3560 op.
776 3508 799 3544 c.
820 3493 877 3559 1,§
899 3493 959 3558 128,
985 3493 1096 3561 p.197;
1122 3496 1137 3555 ξ
1160 3493 1219 3561 130,
1251 3497 1376 3564 paud,

292 3584 368 3636 conf.
388 3585 567 3651 Bpeuuoaurn,
588 3599 633 3651 op.
653 3598 676 3635 e.
696 3583 718 3646 Ι,
739 3599 764 3650 p.
787 3583 845 3636 196.

401 3676 421 3736 ³)
440 3672 612 3740 Cirmmccrpu,
643 3688 687 3739 op.
714 3688 737 3724 c.
765 3671 816 3737 Ill,
846 3675 860 3734 ἕ
888 3672 930 3736 57,
960 3688 986 3738 p,
1006 3672 1067 3724 410.
1092 3702 1118 3708 --
1140 3669 1198 3725 Sed
1218 3674 1281 3727 alio
1303 3677 1376 3728 loco·

292 3767 319 3830 (ξ
339 3763 381 3827 58,
403 3778 428 3829 p.
448 3763 512 3825 420)
530 3763 608 3815 idem
628 3763 729 3813 docet:
752 3761 985 3813 «admittendum
1005 3776 1068 3814 csse
1088 3761 1241 3815 Adamum
1263 3765 1367 3832 prodi·

292 3853 348 3904 isse
369 3853 398 3903 in
419 3851 564 3903 muudum
584 3867 642 3902 non
662 3859 696 3902 ut
715 3852 860 3903 infruitern
881 3852 930 3902 scd
951 3861 985 3904 ut
1005 3851 1104 3904 virum
1125 3863 1310 3907 maturum».

400 3941 419 4003 ⁴)
439 3939 582 4003 Cumaeae,
603 3956 648 4006 op.
668 3956 691 3991 c.
712 3940 748 4006 ll,
770 3944 785 4003 ξ
804 3941 847 4006 39,
868 3956 893 4008 p.
914 3941 947 3993 ei
969 3956 1009 4007 sq.
