2872 4666
606 335 824 414 --²53-

180 565 283 648 lapsi.
308 564 417 646 Saepe
440 565 531 630 enim
555 564 647 628 russi
670 564 816 645 theologi
838 565 880 630 de
899 569 993 629 statu
1013 566 1164 630 iustitiae
1188 567 1251 630 ori-

179 659 308 756 ginalis
342 673 392 737 sic
425 675 544 765 agunt,
583 677 621 735 ut
654 672 735 737 solis
767 672 929 755 imaginis
963 675 997 738 et
1021 673 1253 738 similitudinis

180 781 328 846 vocibus
351 781 449 845 Adae
472 779 719 862 perfectionem
743 780 951 863 exprimant,
984 781 1068 863 quin
1091 799 1165 846 rem
1194 799 1249 845 ac-

178 890 338 952 curatius
372 888 610 953 determinent.
655 885 743 952 Cum
776 905 861 952 vero
895 888 938 953 de
971 889 1072 970 lapsu
1091 888 1252 953 hominis

179 997 365 1077 disserunt,
399 997 548 1077 rursus,
568 995 652 1077 quin
685 995 821 1076 peccati
857 997 1016 1078 sequelas
1040 1001 1251 1077 enumerent,

180 1087 385 1185 simpliciter
408 1103 529 1167 dicunt
551 1107 697 1184 peccato
729 1103 876 1167 hominis
910 1103 1098 1186 imaginem
1130 1104 1250 1185 depra-

180 1218 314 1293 vatam,
338 1213 549 1292 corruptam,
573 1211 797 1293 destructam,
816 1211 953 1292 penitus
972 1211 1147 1275 sublatam
1166 1228 1251 1292 esse,

178 1323 285 1400 prout
308 1317 455 1400 quisque
479 1317 538 1381 vel
561 1317 698 1398 peccati
722 1318 883 1399 sequelas
908 1318 966 1382 vel
986 1317 1172 1399 imaginem
1186 1317 1251 1382 Dei

179 1424 349 1507 intelligit.
374 1459 415 1470 —
441 1424 631 1488 Russorum
655 1424 813 1488 doctrina
837 1426 925 1490 haec
948 1429 1013 1504 est:

289 1533 318 1596 2.
344 1531 455 1596 Homo
478 1549 517 1596 eo
542 1531 729 1612 praecipue
753 1533 878 1596 ceteris
897 1532 1134 1596 animantibus
1152 1549 1250 1613 prae·

183 1639 312 1704 cellere
343 1638 490 1721 dicitur,
518 1638 609 1721 quod
645 1638 691 1702 ad
723 1639 911 1721 imaginem
935 1644 971 1704 et
994 1640 1250 1704 similitudinem

183 1764 286 1810 suam
308 1747 494 1810 fecit-eum
518 1746 612 1810 Deus
636 1743 729 1823 (Gen.
755 1748 782 1824 1,
806 1747 860 1825 26)
882 1750 900 1825 ).

291 1852 385 1918 Inter
414 1853 507 1917 hanc
539 1856 574 1918 et
606 1853 702 1916 illam
735 1871 811 1918 esse
843 1853 1123 1937 distinguendum
1160 1871 1250 1918 com·

181 1961 297 2024 munis
317 1967 368 2024 est
383 1961 555 2025 sententia
575 1961 699 2025 saltem
718 1961 952 2025 recentiorum
974 1961 1210 2044 theologorum
1222 1959 1251 2039 Ι).

295 2230 314 2292 ¹)
333 2227 465 2296 Manapiil.
485 2228 622 2280 1111111111.
635 2227 664 2302 ΙΙ,
685 2231 700 2291 5
720 2228 763 2294 89,
782 2244 809 2296 p,
829 2227 895 2293 4533
917 2257 949 2264 —
973 2226 1146 2296 (inuncet-rm,
1168 2243 1211 2296 op.
1227 2245 1250 2282 1.

181 2317 237 2383 HI,
257 2320 273 2381 5
292 2318 334 2384 39,
353 2333 381 2386 p.
401 2317 467 2383 2603
486 2343 520 2356 ···
540 2317 692 2384 Papinianus
710 2316 742 2369 A.
761 2317 905 2377 lloruarnu.
932 2317 1086 2369 111111111Βὶ1
1111 2334 1251 2370 1111111111.

184 2407 329 2474 (Ilnaapera,
349 2423 426 2474 nurp.
445 2406 561 2459 noanon.
581 2405 685 2459 11131111
705 2406 781 2473 1887,
801 2423 828 2474 p.
848 2407 883 2461 84
901 2413 955 2459 etc.
1200 2409 1201 2413 ’

292 2498 312 2560 ²)
330 2495 463 2564 Manapiil.
489 2496 593 2548 Bororn.
619 2495 640 2557 l,
670 2495 746 2563 §82
775 2513 801 2564 p.
821 2496 977 2555 tot-458:
1008 2526 1040 2533 -
1072 2499 1251 2564 lipomanum,

180 2601 230 2653 op.
249 2600 272 2637 1.
293 2585 315 2652 Ι,
335 2601 362 2653 p.
384 2583 736 2650 191—1943—Cnlsmons‚
758 2600 802 2652 op.
822 2602 845 2638 1.
866 2585 887 2652 l,
909 2591 924 2650 ξ
944 2586 986 2653 96,
1007 2601 1033 2653 p.
1053 2586 1251 2653 301-3043-

179 2675 335 2741 Pynauons,
349 2690 394 2742 op.
414 2691 437 2728 c.
458 2678 473 2737 §
492 2674 534 2742 36,
555 2691 581 2742 p.
601 2675 723 2738 611111.
745 2705 776 2713 -
797 2675 939 2728 Attamen
957 2683 1034 2742 sunt,
1054 2676 1104 2743 qui
1120 2690 1178 2729 non
1193 2675 1251 2728 dis-

131 2759 136 2766 ’
179 2766 329 2832 tinguant
347 2774 433 2832 puta:
458 2763 632 2817 liaruxnancn
649 2781 673 2816 ¹1.
693 2765 713 2829 l,
733 2781 774 2817 11.
795 2766 818 2831 1,
838 2782 864 2833 p.
885 2765 927 2831 93,
954 2766 1025 2817 item
1046 2770 1148 2817 auctor
1167 2762 1251 2818 Cate-

179 2854 288 2907 chismi
307 2853 473 2908 Philaretes
492 2853 702 2907 Mosooviensis
720 2860 843 2922 metrop.
865 2860 941 2907 teste
961 2852 1123 2908 Gorodkov
1151 2858 1207 2922 (op.
1227 2870 1250 2907 c.
1316 2883 1318 2886 <

179 2959 208 3011 p.
229 2943 264 2996 84
289 2943 399 3009 adnot.)
429 2944 546 3012 «imago
574 2947 604 2996 et
628 2943 789 2996 similitudo
818 2943 930 3011 divina,
956 2945 1062 3012 inquit,
1097 2959 1156 2996 nou
1183 2950 1252 2997 sunt

180 3032 378 3101 explicandae
397 3036 431 3085 ut
450 3033 528 3085 duae
547 3047 592 3086 res
612 3033 691 3085 inter
710 3048 741 3086 se
760 3033 904 3100 diversae,
934 3035 1005 3101 quia
1030 3033 1060 3086 in
1085 3033 1176 3086 verbo
1197 3032 1255 3086 Dei·

179 3120 335 3191 quodlibet
354 3136 392 3175 ex
411 3121 491 3175 hisce
510 3123 677 3175 nominibus
701 3137 789 3190 saepe
814 3123 974 3189 separatim
995 3124 1122 3175 occurrit
1147 3123 1251 3175 eadem

178 3211 212 3263 vi
231 3225 266 3263 ac
293 3211 524 3279 significatione,
550 3218 640 3280 atque
666 3217 826 3280 utrumque
850 3213 938 3264 simul
963 3221 1138 3279 sumptum».
1175 3211 1251 3265 Tum

179 3300 273 3354 etiam
294 3299 434 3368 (Dnnapers
458 3299 540 3368 1leprr.
561 3315 605 3368 op.
632 3317 655 3353 1.
676 3301 697 3368 l,
725 3301 819 3365 5127,
839 3318 865 3369 p.
888 3302 946 3369 195,
966 3301 1033 3354 adn.
1053 3303 1095 3355 56.
1116 3332 1148 3338 -
1169 3300 1251 3354 Cnos-

178 3405 278 3457 uecrps
296 3404 368 3442 vero
388 3404 432 3458 op.
452 3404 475 3442 1.
495 3389 548 3458 Ill,
569 3394 584 3453 ς
602 3390 645 3457 39,
664 3406 691 3458 p.
712 3390 765 3442 260
794 3389 846 3442 «ad
874 3391 1036 3458 imaginem
1061 3395 1090 3443 et
1115 3391 1251 3444 similitu·

180 3478 292 3546 dinem,
312 3478 420 3546 inquit,
440 3478 518 3531 idem
533 3485 579 3531 est
593 3486 683 3547 atque
697 3469 796 3532 'dicere
811 3479 848 3531 ad
859 3477 1021 3547 imaginem
1039 3479 1084 3532 sui
1099 3472 1253 3547 similem»,

92 3637 97 3644 Ι
179 3573 283 3621 tamen
310 3567 388 3621 idem
415 3576 519 3622 auctor
544 3569 610 3621 aliis
637 3569 707 3621 locis
737 3570 845 3640 passim
866 3571 943 3622 sicu-t
962 3575 992 3621 et
1011 3569 1101 3622 ceteri
1120 3569 1252 3637 theologi

178 3657 342 3725 distinguit
368 3657 447 3710 inter
472 3658 635 3725 imaginem
661 3664 691 3711 et
716 3658 954 3711 similitudinem:
978 3657 1044 3710 Vid.
1065 3674 1109 3726 op.
1130 3674 1152 3710 1.
1173 3662 1188 3722 6
1207 3659 1253 3726 44,

178 3747 296 3802 56-59.
316 3777 348 3786 -
368 3745 507 3802 Ceterum
527 3750 617 3801 etiam
638 3749 762 3817 quinon
782 3749 972 3816 distinguunt
990 3748 1069 3800 inter
1087 3748 1251 3814 imaginem

178 3842 212 3890 ct
231 3836 456 3890 similitudinem
484 3852 516 3889 re
542 3853 647 3905 parum
673 3837 819 3891 differunt
845 3838 882 3891 ab
909 3838 950 3889 eis
977 3837 1027 3904 qui
1053 3836 1254 3904 distinguunt,

181 3930 218 3981 ut
236 3927 315 3980 infra
334 3926 456 3980 dicetur.
