2872 4666
599 305 820 370 ..61-

160 520 270 582 cuius
303 537 367 600 ope
399 504 499 583 homo
522 538 567 585 ex
590 537 769 585 russorum
798 519 956 602 opinione
979 520 1238 586 similitudinem

160 627 354 710 acquirere
377 627 502 692 debuit.
535 626 633 693 Haec
657 627 748 693 enim
772 645 839 691 non
864 633 1029 691 versatur
1052 627 1118 691 nisi
1142 627 1240 692 circa

160 733 342 817 potentias
362 735 507 798 hominis
525 752 569 798 ao
588 734 724 798 nonnisi
742 735 816 800 eius
836 735 930 799 vires
944 735 1099 816 respicit3
1122 735 1240 817 gratia

160 859 256 907 vero
280 841 467 906 habitualis
491 842 719 907 sanctificans
748 841 908 907 inhaeret
930 842 1069 924 animae
1092 860 1240 925 eamque

164 948 203 1011 in
223 967 263 1014 se
282 949 355 1014 sine
374 949 541 1015 relatione
559 949 759 1013 immediata
783 948 828 1013 ad
848 949 1083 1030 operationem
1105 950 1240 1026 (saltem

160 1056 419 1136 immediatam)
440 1055 560 1121 afficit.
598 1056 664 1120 Illa
688 1075 756 1121 non
779 1061 832 1122 est
855 1057 921 1121 nisi
945 1056 1127 1139 adiuvans,
1151 1056 1239 1120 haee

160 1164 365 1231 formaliter
396 1162 642 1243 sanctificans;
674 1165 736 1228 illa
768 1183 837 1228 non
870 1164 1009 1246 perficit
1042 1162 1239 1229 immediate

166 1272 236 1336 nisi
261 1271 453 1337 secundum
485 1271 632 1353 operari,
664 1273 752 1337 haec
785 1271 977 1337 secundum
1010 1289 1094 1353 esse,
1127 1269 1240 1335 reddit

166 1379 343 1445 hominem
362 1380 554 1444 formaliter
573 1385 744 1463 sanctum,
768 1380 906 1462 iustum,
928 1380 1070 1445 deificat
1088 1395 1182 1458 eum;
1199 1415 1238 1425 -

162 1486 263 1570 quod
286 1486 406 1568 graeci
429 1492 547 1568 patres
570 1504 658 1552 voce
681 1489 822 1560 θεώσεως
844 1489 1100 1568 expresserunt.

278 1592 399 1676 Neque
431 1593 499 1657 dici
527 1597 638 1675 potest
662 1595 812 1674 primum
835 1593 1009 1657 hominem
1032 1597 1240 1675 cooperante

164 1699 287 1782 gratia
320 1701 467 1781 propriis
499 1700 634 1764 viribus
657 1700 887 1783 acquisivisse
910 1701 1061 1782 gratiam
1086 1701 1238 1765 sanctifi-

164 1811 311 1872 cantem
324 1807 353 1885 1).
381 1805 480 1871 Haec
503 1825 571 1871 non
595 1808 798 1890 acquiritur,
827 1809 887 1871 sed
910 1808 1026 1872 infusa
1049 1807 1158 1890 gratis
1181 1825 1239 1871 ac·

164 1914 309 1997 cipitur.
333 1915 443 1980 Actus
458 1896 651 1998 creaRirae,
670 1916 752 1980 licet
770 1915 886 1998 gratia
905 1915 1050 1980 iuvante
1068 1920 1239 1998 operetur,

169 2040 239 2087 non
273 2021 430 2087 efficiunt
462 2022 784 2103 sanctificationem,
818 2022 878 2088 sed
910 2023 1020 2087 solum
1054 2022 1240 2104 disponunt

165 2128 216 2194 ad
233 2146 328 2209 eam3
350 2129 524 2211 dispositio
542 2134 660 2194 autem
679 2134 869 2211 praeparat
887 2129 1025 2212 quidem
1045 2129 1239 2194 subiectum

165 2235 216 2300 ad
240 2236 374 2302 formae
397 2236 612 2318 infusionem,
636 2236 697 2303 sed
720 2255 788 2300 non
811 2241 865 2301 est
887 2236 963 2318 ipsa
987 2237 1120 2301 forma.-

278 2343 369 2425 Ergo
388 2345 487 2427 russi,
507 2345 535 2408 si
554 2363 623 2408 non
642 2345 843 2426 excludunt,
866 2345 991 2408 saltem
1015 2348 1239 2427 praetereunt

164 2449 322 2533 gratiam
359 2451 649 2534 sanctificantem,
684 2488 725 2497 —
758 2470 840 2533 ergo
876 2451 982 2516 etiam
1019 2451 1168 2518 virtutes
1205 2456 1240 2516 et

166 2558 262 2622 dona
286 2556 434 2639 Spiritus
459 2558 575 2624 Sancti
600 2578 692 2642 quae
715 2577 793 2624 eam
817 2559 1037 2623 comitantur.

277 2667 308 2743 2)
331 2666 558 2732 Praetereunt
581 2685 718 2750 quoque
740 2666 996 2749 perlectionem,
1019 2684 1125 2749 quam
1144 2666 1237 2730 dixe-

168 2773 245 2854 rim,
269 2773 430 2855 infusam,
464 2810 505 2818 —
539 2792 663 2855 nempe
673 2788 687 2833 ·.
699 2774 882 2839 scientiam
915 2778 989 2839 tum
1023 2773 1238 2838 naturalium

166 2883 243 2944 tum
269 2881 589 2959 supernaturalium
612 2883 744 2963 pariter
768 2887 802 2945 et
826 2882 974 2946 virtutes
998 2881 1140 2945 infusas.
1182 2880 1238 2945 Et-

163 2987 261 3052 enim
285 2985 443 3069 opinione
466 3005 646 3052 russorum
669 2989 757 3052 haec
781 2989 896 3052 omnia
921 2993 959 3052 ut
982 2990 1114 3070 primus
1138 2987 1238 3052 homo

167 3091 312 3175 propria
348 3092 518 3159 industria
555 3096 755 3178 acquireret
782 3096 953 3161 tendendo
980 3095 1025 3159 ad
1055 3113 1180 3159 verum
1202 3100 1238 3161 et

164 3201 298 3266 bonum
322 3202 480 3282 oportuit.

278 3432 298 3497 ¹)
318 3423 400 3484 Haec
419 3433 555 3500 ponimus
575 3432 696 3487 Macarii
721 3437 752 3486 et
778 3431 937 3487 Bredkevid
962 3448 1061 3500 causa,
1087 3433 1138 3500 qui
1163 3433 1239 3487 ulte·

165 3523 277 3578 rlorem
297 3522 430 3574 fructum
450 3523 587 3590 propriae
612 3522 739 3575 hominis
765 3522 954 3590 perfectionis
982 3537 1033 3576 seu
1059 3522 1238 3576 evolutionis

165 3611 314 3666 videntur
332 3624 442 3679 ponere
463 3611 705 3680 «acquisitionem
725 3611 870 3666 donorum
889 3609 1017 3681 Spiritus
1036 3609 1162 3665 Sancti».
1181 3611 1238 3664 Ma·

163 3700 254 3770 sapin.
274 3699 430 3752 Boromonie
448 3699 470 3767 l,
491 3703 506 3765 5
526 3700 570 3767 82,
589 3716 616 3769 p.
636 3701 702 3767 4573
723 3731 755 3739 —
775 3701 956 3770 Bpemesnnn,
976 3717 1021 3769 op.
1041 3716 1064 3754 o.
1084 3701 1106 3768 l,
1126 3717 1152 3769 p.
1174 3702 1238 3766 193;

161 3796 301 3846 ceterum
320 3793 449 3857 uterque
467 3805 536 3843 cum
557 3790 610 3844 hoo
629 3790 741 3856 dicunt,
768 3793 863 3860 magis
887 3791 1037 3845 hominem
1057 3791 1174 3858 lapsum
1193 3804 1237 3843 re-

160 3881 312 3949 spiciunt3
330 3892 400 3931 cum
419 3878 455 3931 de
475 3882 556 3934 statu
573 3880 740 3933 innocentis
760 3880 933 3948 loquuntur,
959 3880 1044 3933 nulla
1070 3880 1106 3932 iit
1125 3880 1237 3932 mentio

160 3965 316 4024 donorum
334 3964 464 4036 Spiritus
483 3965 511 4023 S.
