2872 4666
523 80 764 145 -124-

109 294 207 360 «Non
222 296 335 376 potest
347 292 530 373 affirmari,
543 293 657 376 inquit
667 293 862 359 Philareteo
873 274 985 377 Corn,
998 292 1067 358 nisi
1080 309 1177 375 praa

106 404 274 483 concepto
305 399 456 482 quodam
488 399 632 464 consilio
662 416 708 465 ao
739 404 856 467 mente
891 402 1178 482 protoparentum

106 507 348 574 rectitudinem
366 506 554 586 (iustitiam)
566 508 674 572 tuisse
691 525 778 572 non
796 510 1002 573 naturae
1020 509 1181 572 statum

107 614 167 680 sed
190 613 342 696 speciale
363 614 501 696 gratiae
524 614 662 679 donum.
705 612 817 679 Sacra
838 614 1016 697 scriptura
1039 632 1086 680 ne
1109 631 1182 678 uno

105 721 245 805 quidem
282 721 391 786 verbo
427 721 486 786 vel
524 722 650 786 indicio
682 722 776 786 banc
807 721 851 788 de
873 720 1182 804 protoparentibus

106 829 299 911 opinionem
323 827 522 909 ooniirmat;
551 846 634 893 nam
659 829 725 893 hoc
747 828 794 893 ad
816 828 1083 912 pelagianorum
1105 827 1182 910 pla·

105 937 177 1001 cita
214 937 256 1001 de
293 935 428 1016 perdita
462 934 527 999 Dei
559 936 710 1017 imagine
742 935 904 1002 duceret»
919 934 950 1015 ¹)
996 934 1182 1000 Macarius

106 1060 192 1109 vero
223 1047 331 1125 caput
363 1042 406 1108 de
438 1043 633 1108 conditione
666 1043 822 1124 hominis,
853 1060 935 1107 oum
966 1061 987 1109 e
1014 1041 1183 1107 manibus

106 1150 171 1216 Dei
195 1149 385 1232 prodiisset,
413 1150 508 1214 hisce
531 1150 725 1214 concludit:
762 1150 918 1215 «Primus
947 1150 1060 1230 homo,
1097 1166 1184 1214 oum

106 1256 236 1321 talibus
258 1274 346 1339 quas
370 1274 393 1319 a
416 1256 490 1320 Deo
513 1262 702 1338 acceperat
723 1259 815 1322 esset
838 1255 1027 1320 viribus
1050 1258 1181 1319 natu-

105 1363 311 1429 ralibus:
337 1363 399 1427 tali
417 1365 551 1446 mentis,
574 1364 767 1428 voluntatis
789 1369 825 1430 ct
846 1363 953 1429 etiam
975 1363 1086 1445 ipsius
1104 1379 1181 1427 eor-

106 1472 199 1554 poris
217 1471 419 1552 conditionc‚
439 1472 576 1535 nullum
594 1471 738 1536 dubium
756 1474 817 1550 est,
840 1471 925 1554 quin
943 1470 990 1535 ad
1004 1486 1108 1535 suam
1123 1469 1181 1535 de·

107 1579 327 1645 stinationem
338 1583 442 1661 aptus
452 1597 527 1644 esse
542 1578 696 1660 putucrit
709 1580 741 1642 h.
750 1597 779 1644 c.
790 1582 903 1661 aptus,
920 1577 981 1660 qui
994 1594 1181 1660 cognosce·

106 1689 161 1753 ret
184 1685 296 1751 Deum
320 1688 355 1750 et
377 1685 599 1767 glorificaret,
622 1685 682 1768 qui
706 1685 797 1750 bona
819 1701 925 1767 opera
943 1686 1130 1749 exerceret
1147 1686 1183 1748 ct

106 1793 320 1857 beatitudine
346 1794 530 1875 frueretur,
562 1793 622 1876 qui
647 1810 765 1858 rerum
798 1795 958 1875 naturae,
989 1806 1085 1875 quaa
1115 1791 1183 1873 ipsi

109 1899 358 1980 subiciebatur,
381 1899 627 1966 dominaretur.
651 1899 783 1965 Verum
802 1903 979 1981 utcunque
1002 1899 1184 1980 perlectae

106 2010 185 2072 erat
206 2007 354 2072 hominis
378 2008 474 2072 vires
498 2007 687 2090 naturales,
709 2007 769 2072 ille
791 2003 1001 2085 tamen»...’t

214 2113 338 2196 Itaque
361 2115 510 2179 conditio
534 2115 636 2196 primi
659 2114 815 2195 hominis,
848 2131 929 2178 oum
960 2130 982 2178 a
1014 2111 1182 2177 manibus

108 2219 174 2286 Dei
192 2220 327 2303 prodiit,
349 2225 427 2285 erat
445 2222 549 2303 plane
567 2221 752 2301 naturalis;
776 2221 877 2284 homo
894 2236 964 2283 non
981 2222 1062 2284 erat
1080 2235 1182 2301 prae

109 2327 201 2390 ditus
224 2327 291 2392 nisi
314 2327 412 2392 donis
435 2329 540 2411 plane
563 2328 794 2409 naturalibus,
815 2344 908 2410 quae
930 2326 1005 2391 eius
1027 2330 1183 2391 naturae

109 2435 247 2498 omnino
270 2434 387 2498 debita
410 2440 521 2500 erant

217 2541 490 2625 Distinctioncm,
512 2560 604 2625 quae
626 2543 720 2624 apud
739 2546 874 2606 nostros
893 2539 1071 2622 theologos
1089 2557 1183 2605 com·

109 2649 224 2713 munis
239 2636 307 2729 est,
340 2649 430 2714 inter
462 2649 552 2713 dona
585 2651 762 2714 naturalia
793 2652 829 2714 et
860 2646 1183 2732 praeternaturalia

109 2756 201 2819 russi
237 2773 306 2819 non
342 2762 565 2839 cognoscunt,
606 2760 778 2840 quantum
814 2755 953 2839 assequi
994 2754 1181 2837 potuimus

1321 2122 1388 2171 38

1308 2339 1384 2390 Θθ

1291 2563 1370 2608 -1.

1278 2670 1360 2720 νᾶ

1269 2778 1347 2828 σε.

111 2861 220 2945 Dona,
243 2880 334 2945 quae
359 2881 420 2927 nos
444 2864 764 2945 praeternaturalia
787 2863 944 2942 dicimus,
976 2860 1028 2925 illi
1051 2861 1180 2944 purtim
1255 2883 1337 2934 n]

111 2970 213 3052 primi
236 2971 383 3034 hominis
406 2974 555 3037 naturae
587 2977 757 3054 tanquam
789 2952 905 3038 debita
937 2967 1111 3033 tribuunt:
1143 2972 1181 3031 ut
1237 2976 1331 3039 :tt

111 3078 365 3143 immunitatem
388 3098 410 3143 a
430 3081 722 3161 concupiscentia,
745 3079 1000 3143 immunitatem
1013 3094 1037 3141 a
1052 3076 1180 3142 morbis
1228 3098 1321 3147 es
1430 3135 1436 3175 ·,

112 3184 363 3268 doloribusque,
396 3187 523 3268 partim
557 3187 704 3268 propriis
734 3186 868 3251 viribus
890 3184 1086 3252 adiuvante
1108 3183 1180 3249 Deo
1217 3203 1314 3252 oo
1433 3242 1436 3265 ,

111 3291 241 3356 homini
264 3293 479 3374 acquirenda
502 3295 717 3377 relinquunt:
747 3297 786 3357 ut
809 3292 991 3358 seientiam
1013 3295 1050 3358 et
1072 3292 1179 3357 virtu·
1206 3310 1309 3355 -J·
1417 3316 1435 3363 a

223 3542 242 3607 ¹)
260 3541 398 3610 &unapars
416 3541 498 3609 1lepn.
519 3557 563 3609 op.
583 3556 607 3594 c.
628 3544 643 3605 ξ
664 3541 724 3600 129,
743 3556 770 3608 p.
791 3539 851 3595 198.

222 3629 391 3699 ¹)Ma1tapiii.
410 3630 514 3683 Borocu.
536 3630 557 3698 i,
578 3634 593 3694 §
613 3630 656 3697 84,
676 3645 702 3697 p.
722 3629 783 3683 466.

1407 3466 1427 3535 a

1289 3658 1293 3663 .
1393 3656 1435 3737 m(

1389 3744 1408 3795 d.
