2872 4666
624 304 843 371 ..94-

201 520 282 584 licet
301 518 366 583 Dei
389 520 480 583 sicut
502 520 590 585 entis
609 519 743 583 infinite
762 518 936 602 sapientis,
959 519 1027 601 qui,
1050 519 1148 583 nullo
1170 521 1279 583 modo

200 627 277 693 fieri
300 630 420 708 potest,
452 627 536 709 quin
567 627 719 709 aliquem
752 630 920 708 procreet,
952 627 1012 709 qui
1043 627 1277 709 imperfectus

201 734 246 798 sit
268 735 300 798 h.
322 752 350 799 e.
374 751 436 797 suo
458 734 521 796 fini
544 733 778 798 insufficiens»
794 733 822 812 ¹).
849 732 1065 798 «Secundum
1088 734 1278 799 Ecclesiae

202 841 414 906 orthodoxae
436 841 642 921 doctrinam,
674 841 787 922 inquit
809 841 981 924 Lebedev,
1015 841 1129 905 Adam
1152 843 1277 906 factus

201 953 254 1013 est
289 950 465 1030 perfectus
497 952 668 1030 quantum
700 948 747 1011 ad
778 948 934 1012 animam
967 952 1001 1013 et
1028 951 1204 1032 quantum
1229 949 1278 1012 ad

202 1073 337 1136 corpuS,
362 1055 452 1118 sicut
475 1058 509 1119 et
533 1055 705 1135 oportuit;
741 1055 825 1136 quia
858 1072 878 1119 e
909 1055 1071 1119 manibus
1103 1055 1169 1120 Dei
1205 1074 1278 1120 non

202 1162 312 1244 potuit
335 1162 472 1243 prodire
495 1164 660 1226 creatura
679 1160 948 1243 imperfecta»¹t

307 1266 430 1351 Itaque
453 1286 529 1334 esse
552 1269 745 1349 perfectum
769 1273 804 1333 et
827 1272 955 1333 natura
979 1287 1043 1333 sua
1066 1270 1173 1351 plane
1198 1288 1278 1334 cor-

202 1376 409 1457 respondere
445 1394 506 1440 seu
544 1375 707 1440 sufficere
739 1392 824 1440 suae
856 1376 950 1440 altae
982 1377 1207 1441 destinationi
1241 1382 1281 1441 et

201 1482 340 1545 omnino
362 1485 485 1563 aptum
499 1499 583 1548 esse
606 1483 651 1546 ad
673 1482 821 1546 eandem
851 1486 933 1546 sunt
955 1484 1049 1565 apud
1072 1501 1193 1548 russos
1219 1502 1280 1567 sy-

203 1589 342 1654 nonima
365 1594 526 1671 respectu
550 1590 653 1671 primi
676 1590 831 1654 hominis.

308 1696 432 1778 Itaque
465 1697 556 1761 sicut
588 1697 812 1778 praecedenti
844 1696 994 1760 articulo
1018 1716 1038 1762 e
1060 1701 1192 1762 natura
1218 1700 1280 1763 ho-
1385 1760 1388 1767 .

203 1803 304 1866 minis
327 1805 401 1868 eius
424 1804 533 1867 altam
567 1803 830 1868 destinationem
863 1804 1089 1886 deducebant,
1121 1804 1172 1868 ita
1209 1807 1280 1870 hoc

202 1909 351 1973 articulo
384 1909 495 1975 eidem
524 1913 673 1974 naturae
696 1911 854 1973 tribuunt
869 1911 1017 1991 ‘plenam
1041 1912 1280 2001 aptitudinem

204 2034 264 2080 seu
283 2015 529 2081 sufficientiam
548 2016 593 2079 ad
611 2017 705 2080 hanc
724 2016 985 2082 destinationem
1005 2017 1281 2101 adimplendam.

309 2123 364 2187 Ex
387 2124 513 2205 quibus
544 2123 705 2203 efficitur,
738 2124 774 2186 in
806 2142 960 2206 quonam
992 2125 1084 2189 russi
1116 2126 1183 2189 sub
1208 2127 1282 2191 hoc

205 2236 365 2311 respectu
388 2248 410 2294 a
435 2230 617 2294 catholicis
641 2231 816 2296 recedant.
840 2228 926 2295 Cum
951 2231 988 2294 hi
1010 2220 1078 2296 non
1102 2232 1192 2296 dant
1216 2251 1282 2297 na-

205 2348 306 2402 turae
329 2339 513 2421 humanae,
537 2342 576 2401 ut
594 2341 751 2419 naturae,
774 2339 841 2402 nisi
859 2339 1088 2421 aptitudinem
1107 2340 1284 2421 negative

205 2450 380 2527 sumptam
407 2481 446 2492 -
471 2463 575 2510 sensu
598 2463 667 2508 non
690 2444 952 2528 repugnantiae,
976 2449 1014 2508 ut
1033 2448 1204 2511 creatura
1222 2465 1283 2511 ra-

205 2552 344 2616 tionalis
367 2570 388 2615 a
412 2553 485 2617 Deo
518 2554 676 2618 elevetur
711 2556 817 2634 atque
850 2552 982 2616 virtute
1013 2554 1285 2635 supernaturali

207 2677 270 2741 par
294 2659 460 2724 reddatur
484 2664 581 2723 tanto
600 2660 674 2740 iini3
698 2659 748 2722 illi
768 2677 891 2724 vocem
910 2658 1113 2740 aptitudinis
1131 2665 1286 2740 sumunt

207 2765 352 2847 positive
376 2802 417 2810 -
442 2785 545 2831 sensu
569 2766 800 2831 sufficientiae
819 2767 877 2845 ita,
901 2768 940 2829 ut
957 2766 1058 2830 homo
1076 2770 1184 2849 aptus
1203 2785 1287 2833 esse

206 2873 430 2956 intelligatur,
454 2873 513 2956 qui
537 2873 606 2936 iam
631 2873 778 2955 propriis
802 2873 937 2937 viribus
955 2874 1153 2938 adtentum
1168 2873 1285 2940 finem

207 2981 335 3045 tendat
358 2980 464 3044 Error
487 2980 523 3044 in
543 2999 582 3044 eo
605 2984 665 3062 est,
698 2982 789 3063 quod
813 2980 904 3044 russi
927 2983 1076 3047 naturae
1098 2982 1288 3048 humanae

207 3089 368 3169 respectu
391 3088 534 3152 visionis
556 3088 741 3153 beatificae
764 3089 798 3152 id
822 3088 989 3170 tribuunt,
1011 3089 1102 3171 quod
1125 3106 1199 3152 non
1223 3107 1286 3171 po-

208 3197 275 3260 test
298 3194 471 3258 affirmari
494 3195 561 3260 nisi
584 3198 747 3278 respectu
771 3195 889 3259 habito
912 3194 1135 3259 beatitudinis
1157 3212 1289 3262 merae

208 3303 389 3366 naturalis.

318 3589 338 3651 ¹)
357 3586 487 3654 hlanapili.
517 3586 621 3638 Eorocr.
641 3586 663 3653 l,
684 3589 699 3649 ξ
717 3585 761 3652 84,
780 3563 808 3653 p,
826 3585 887 3638 464.
903 3584 905 3589 ’
1258 3653 1261 3658 ι

319 3678 340 3740 ²)
358 3676 491 3733 „lebentem
508 3674 557 3727 Aa.
576 3675 703 3743 nporoiep.
727 3675 860 3727 Paasocmr
878 3674 1003 3741 Hepnseil
1026 3672 1181 3726 Bocsossoli
1199 3691 1220 3727 11
1238 3672 1291 3728 33-

210 3768 310 3820 nansoli
328 3782 363 3817 sn
382 3764 475 3831 ysonin
494 3784 508 3817 o
527 3763 622 3832 llpecs.
642 3764 721 3827 ll'nsis
739 3764 830 3832 Mapin
848 3763 1026 3832 Boropozmuis.
1044 3761 1183 3830 Bapmasa
1203 3762 1289 3832 1881,

211 3870 237 3921 p.
258 3854 317 3907 160.
