2872 4666
577 314 818 383 —123n

74 486 378 594 Q'Qbitum.
423 525 524 608 Quod
538 533 718 598 :ceterum
743 527 874 594 directe
906 528 1125 610 confitentur,
1153 527 1229 594 sive

75 618 245 703 Qum.
264 635 392 704 docent
415 635 590 702 hominem
613 635 762 718 prodiise
785 654 805 701 e
828 635 989 699 manibus
1013 634 1077 700 Dei
1100 639 1232 704 natura

92 731 265 810 llatae
281 744 491 824 perfectum,
517 742 654 810 omnino
684 747 815 825 aptum,
837 743 898 826 qni
920 743 1027 808 finem
1050 760 1152 807 suum
1174 760 1231 807 as·¹

110 849 373 933 &oqueretur
409 847 484 931 ipsa
519 854 649 914 natura
680 849 842 917 suofini
878 849 1119 932 sufficientem,
1155 867 1229 915 cor·

130 955 432 1038 {respondentem
455 957 531 1023 sive
554 974 636 1020 cum
659 975 705 1021 ex
727 957 805 1022 idea
823 957 889 1022 Dei
907 957 1230 1040 infinitesapientis

159 1059 315 1131 inferunt
337 1082 449 1147 neque
467 1064 546 1130 fieri
562 1065 722 1146 potuisse,
748 1069 787 1129 ut
805 1064 907 1129 homo
930 1064 1083 1146 prodiret
1110 1084 1130 1131 e
1157 1082 1229 1130 ma-

161 1171 262 1237 nibus
296 1170 362 1236 Dei
390 1188 475 1237 cum
507 1171 624 1254 aliquo
655 1173 795 1237 defectu
828 1174 912 1253 puta
944 1190 1026 1236 cum
1049 1171 1229 1255 concupis·

160 1278 285 1344 centia.
308 1277 400 1361 Ergo
425 1279 536 1360 magis
560 1278 612 1343 rei
633 1278 864 1342 illustrandae
886 1280 1001 1361 gratia
1024 1296 1131 1361 quam
1150 1296 1229 1343 oon·

159 1384 357 1451 firmandae
370 1385 551 1450 afferimus
562 1385 725 1451 Lebedev
738 1385 859 1451 verba:
878 1384 1093 1450 «Secundum
1108 1383 1226 1452 Orthe·

158 1491 271 1557 doxae
294 1491 690 1558 Ecclesiaedoctrinam
725 1493 838 1556 Adam
866 1494 984 1557 anima
1017 1498 1052 1557 et
1084 1508 1230 1575 corpore

158 1601 407 1682 perfectusest
425 1603 566 1665 creatus
584 1599 676 1664 sicut
694 1604 737 1665 et
760 1600 992 1682 oportuit;
1016 1601 1098 1682 quia
1117 1616 1230 1682 neque

157 1706 232 1773 fieri
258 1707 377 1788 potuit,
405 1710 484 1770 ute
513 1706 673 1771 manibus
702 1707 766 1772 Dei
786 1707 937 1788 prodiret
955 1710 1120 1772 creatura
1138 1725 1230 1789 quae

158 1811 364 1895 imperfecta
377 1815 480 1877 esset:
500 1811 567 1878 Sed
586 1814 674 1878 haec
691 1814 856 1895 perfectio
875 1832 943 1878 non
957 1823 1010 1879 est
1024 1813 1232 1895 accipienda

158 1936 194 1983 eo
217 1937 333 1999 sensu,
357 1938 425 2003 quo
447 1921 516 1985 hac
540 1927 633 1986 voce
652 1922 792 2002 utimur,
816 1940 896 1986 cum
921 1922 963 1986 de
986 1926 1101 1986 mente
1123 1921 1227 1985 homi-

158 2026 206 2093 nis
231 2027 341 2092 valde
363 2027 498 2109 eruditi,
521 2027 623 2110 docti,
646 2029 812 2110 sapientis
834 2029 1016 2111 loquimur,
1049 2028 1125 2093 sive
1147 2046 1229 2093 cum

156 2130 333 2220 loquimur
356 2133 398 2200 de
422 2135 634 2216 perfectione
664 2136 856 2200 voluntatis
879 2141 914 2201 et
936 2136 1050 2200 cordis
1073 2137 1229 2218 hominis,

155 2243 211 2323 qui
239 2241 390 2305 multum
424 2242 460 2304 in
492 2241 624 2308 virtute
653 2243 799 2324 profecit
821 2248 857 2309 et
879 2247 1025 2309 sanctae
1049 2244 1145 2309 vitae
1167 2250 1228 2325 est,

144 2349 296 2423 paucis:
320 2366 388 2412 non
411 2353 464 2438 est
486 2349 692 2431 accipienda
717 2350 752 2414 in
777 2368 880 2416 sensu
899 2351 1120 2433 perfectionis
1138 2368 1229 2433 quae

136 2446 330 2531 libertatis
361 2459 414 2521 est
445 2457 487 2530 (h.
510 2475 538 2522 e.
571 2475 663 2540 quae
685 2459 826 2539 propria
859 2458 1030 2523 industria
1053 2477 1097 2523 ao
1120 2441 1229 2523 libero

125 2564 333 2648 proposito
365 2564 579 2647 acquiritur),
611 2566 729 2630 sedin
754 2584 857 2631 sensu
881 2567 1103 2648 perfectionis
1129 2571 1229 2631 natu·

115 2675 247 2752 ralis,
274 2689 368 2753 quae
391 2689 414 2735 a
438 2669 602 2736 Creatore
625 2673 801 2737 humanae
821 2678 969 2740 naturae
988 2674 1072 2737 data
1090 2677 1151 2739 est.
1176 2673 1229 2738 fix

107 2790 215 2872 quo
243 2778 411 2861 efficitur,
445 2778 567 2843 utilia
591 2781 758 2862 perfectio
781 2781 975 2846 constiterit
997 2781 1033 2844 in
1056 2799 1105 2862 eo,
1137 2780 1228 2862 quod

99 2891 339 2958 &truc-tura
374 2886 688 2970 compositioneque
725 2890 853 2952 natura
891 2888 1017 2952 Adami
1053 2892 1131 2952 erat
1166 2887 1230 2950 fini

94 2998 257 3073 blane
285 2993 514 3059 accomodata
538 2997 827 3078 conformataque
850 3000 955 3078 atque
980 2995 1229 3076 perfectissime

92 3100 452 3181 nor-respondebat
479 3103 742 3183 sapientissimis
776 3104 982 3185 optimisque
1013 3103 1150 3184 finibus,
1183 3101 1229 3165 ad

87 3221 236 3301 quos
258 3207 372 3287 homo,
391 3225 472 3272 cum
490 3211 681 3293 crearetur,
700 3211 891 3274 destinatus
911 3215 1000 3287 erat;
1024 3210 1060 3273 in
1079 3227 1118 3273 eo
1137 3209 1229 3292 quod

87 3331 275 3388 omnes
309 3314 417 3379 animi
449 3317 671 3400 corporisque
700 3319 794 3382 vires
818 3318 1031 3383 exhibebant
1054 3318 1227 3381 concinni-

86 3422 263 3496 tatem
300 3424 361 3487 et
382 3425 660 3507 consonantiam,
702 3425 857 3489 ordinem
898 3429 934 3490 et
975 3424 1229 3505 rectitudinem,

93 3531 266 3601 verbo
282 3528 423 3609 plenam
436 3530 472 3593 in
488 3532 559 3595 suis
568 3532 763 3597 actionibus
774 3533 1019 3598 harmoniam„
1033 3532 1228 3616 Integritas,

97 3639 284 3716 unitas,
304 3635 486 3700 harmonia
505 3644 654 3703 naturae
672 3645 707 3704 et
726 3640 924 3705 innocentia
948 3644 1109 3721 respectu
1133 3639 1229 3704 vitae

102 3742 381 3823 moralishae
391 3749 473 3807 sunt
482 3747 661 3823 naturales
673 3746 776 3827 primi
786 3748 933 3811 hominis
944 3746 1228 3829 perfectiones»¹).

266 3975 286 4042 ¹)
303 3975 439 4039 Heteuenn
457 3976 488 4031 A.
509 3993 555 4047 op.
574 3993 597 4032 o.
617 3994 645 4047 p.
666 3978 815 4032 leo-161.
