2872 4666
598 329 840 397 „100-

182 549 340 616 Svietlov
372 547 478 630 igitur
512 547 687 610 Adamum
710 551 745 610 et
768 545 881 610 Evam
905 546 1041 611 reducit
1064 545 1111 609 ad
1137 545 1261 609 condi·

183 657 309 721 tionem
332 654 534 718 infantilem.

289 762 413 844 Itaque
446 779 527 824 cum
560 759 722 824 catholici
759 759 795 822 in
836 761 948 841 primo
988 760 1127 825 homine
1172 767 1262 825 actu

182 877 315 952 ponunt
368 868 536 932 eximiam
588 866 834 947 perfectionem
883 867 988 931 etiam
1041 869 1261 948 naturalem,

182 994 273 1059 quae
296 994 318 1039 a
341 975 440 1039 nobis
464 974 598 1038 nonnisi
622 973 762 1055 propria
786 974 983 1056 acquiritur
1015 974 1194 1039 industria
1223 980 1263 1039 et

181 1083 389 1161 inventione,
425 1099 516 1163 quae
553 1098 638 1144 vero
674 1079 742 1144 iilis
784 1080 954 1145 infusione
990 1082 1262 1146 communicata

181 1195 234 1255 est
247 1192 279 1270 1);
311 1189 402 1252 russi
425 1207 493 1252 non
517 1188 602 1251 dant
625 1189 736 1268 primo
759 1188 889 1251 homini
912 1188 976 1252 nisi
1000 1189 1109 1251 solam
1135 1191 1261 1270 poten-

182 1299 269 1361 tiam
292 1296 396 1374 huius
419 1295 640 1378 perfectionis
663 1294 895 1378 attingendae.

288 1404 318 1468 5.
341 1403 582 1468 Determinata
608 1402 709 1482 primi
733 1403 880 1466 hominis
904 1402 1115 1483 perfectione
1140 1404 1177 1467 in
1197 1422 1261 1486 ge-

182 1528 273 1593 nere,
310 1509 400 1573 russi
439 1509 630 1591 procedunt
666 1510 712 1573 ad
749 1508 992 1591 inquirendam
1028 1511 1181 1575 eandem
1220 1513 1260 1574 in

181 1618 296 1699 specie
329 1620 402 1679 tum
435 1623 605 1698 quantum
639 1615 683 1678 ad
715 1616 869 1679 animam
903 1619 976 1679 tum
1008 1622 1184 1698 quantum
1209 1620 1259 1683 ad

180 1742 317 1806 corpus

288 1827 467 1910 Quantum
491 1829 537 1893 ad
560 1829 714 1893 animam
738 1829 938 1912 proceditur
962 1831 1156 1895 secuudum
1182 1837 1257 1898 tres

181 1939 327 2003 hominis
359 1937 550 2020 potentias:
582 1937 806 2020 intellectum,
830 1939 1055 2020 voluntatem,
1079 1940 1256 2004 affectum

181 2065 241 2111 seu
265 2064 325 2110 oor
338 2044 369 2124 ²).

156 2161 158 2165 ’
288 2149 387 2232 Quod
410 2151 625 2215 intellectum
649 2152 782 2235 attinet,
815 2171 860 2218 ex
885 2171 954 2216 una
977 2156 1078 2234 parte
1101 2153 1253 2238 denega·

181 2268 238 2325 tur
261 2261 372 2341 primo
395 2259 524 2322 homini
548 2259 693 2323 scientia
717 2260 977 2344 omniperfecta,
1010 2278 1161 2346 summa,
1185 2267 1250 2328 ter-

180 2368 322 2449 minata,
355 2366 484 2429 nullius
516 2383 720 2448 progressus
744 2385 882 2448 capax3
920 2386 966 2432 ex
997 2369 1112 2433 altera
1150 2376 1250 2451 parte

180 2474 381 2539 conceditur
414 2472 565 2554 primum
588 2473 762 2536 hominem
786 2473 981 2538 admodum·
995 2475 1084 2540 bene
1108 2476 1248 2558 disposi-

180 2587 262 2664 tum,
285 2585 407 2663 aptum
430 2580 544 2662 fuisse,
567 2580 628 2661 qui
650 2597 816 2662 magnam
835 2581 1016 2646 scientiam
1034 2584 1248 2665 acquireret,

178 2708 259 2755 eum
278 2706 404 2770 magno
424 2687 621 2769 praeditum
640 2689 747 2752 fuisse
762 2689 911 2770 ingenio:
931 2690 1139 2774 perspicaci,
1154 2691 1248 2756 facili

178 2797 224 2861 ad
248 2794 508 2877 percipiendum
531 2798 566 2858 et
589 2794 837 2860 retinendum...
883 2795 964 2878 Ipsa
992 2815 1077 2862 voro
1103 2799 1247 2864 scientia

180 2909 217 2969 ut
241 2902 408 2967 terminus
432 2902 670 2965 tantummodo
694 2903 842 2985 ponitur,
865 2903 911 2966 ad
930 2921 1033 2985 quem
1052 2905 1157 2969 homo
1176 2924 1247 2971 sese

177 3011 371 3077 evolvendo
394 3026 439 3072 ac
462 3008 674 3089 perficiendo
696 3008 838 3074 tendere
861 3010 979 3075 debuit
996 3012 1149 3093 propriis
1169 3013 1247 3078 viri·

178 3119 242 3182 bus
266 3117 457 3180 adiuvante
481 3115 562 3180 Deo.

288 3220 476 3304 «Ceterum,
509 3222 620 3304 inquit
644 3222 830 3304 Macarius,
863 3223 1032 3305 sapientia
1063 3224 1166 3290 Adae
1191 3227 1248 3290 mi-

177 3331 268 3398 nime
306 3328 416 3394 veluti
452 3329 711 3411 omniperfecta,
747 3347 838 3411 quae
870 3330 933 3394 soli
965 3329 1039 3395 Deo
1072 3334 1250 3416 competit,

286 3538 305 3604 ¹)
325 3536 475 3606 Mazzella,
494 3539 573 3593 card.
598 3539 642 3593 De
661 3538 723 3593 Deo
742 3538 877 3595 creante.
903 3541 955 3595 Ed.
974 3546 999 3596 4.
1028 3541 1144 3598 Romae
1173 3547 1252 3615 1896,

177 3642 205 3678 n.
224 3625 277 3678 783
297 3641 347 3695 sq,
367 3644 393 3696 p.
414 3629 467 3683 572
486 3645 541 3697 sq.;
561 3646 589 3681 11.
609 3629 669 3698 801,
688 3646 716 3699 p.
737 3631 788 3684 581
809 3646 851 3698 sq.

284 3717 305 3780 ²)
324 3714 396 3785 Vgr.
424 3718 493 3771 vide
519 3718 700 3787 Bpeurenmrs,
733 3735 779 3788 op.
807 3735 830 3774 c.
861 3721 1015 3787 195-1973
1044 3752 1077 3759 -
1109 3723 1257 3795 <inrepere

175 3804 289 3872 qepflnr.
314 3806 398 3874 IIpan.
424 3807 569 3873 iiornaruu.
596 3809 756 3862 Borocuonie.
781 3809 890 3884 Haass.
910 3810 988 3864 011ss.
1009 3811 1089 3880 1882,
1111 3813 1134 3882 I,
1155 3819 1172 3879 ἓ
1196 3817 1254 3884 128,

176 3909 203 3960 p.
220 3893 369 3949 rso-197.
385 3927 417 3933 -
435 3896 478 3949 De
493 3897 556 3949 istis
572 3912 642 3950 vero
658 3898 754 3951 tribus
773 3900 912 3968 potentiis
932 3901 1034 3953 confer
1053 3916 1137 3970 quae
1162 3919 1255 3975 supra

176 3981 308 4034 diximus
327 3998 353 4051 p.
375 3984 418 4037 (59.
