2872 4666
612 342 833 407 -73-

180 556 357 622 bonorum
394 575 538 639 operum
575 574 620 621 uc
656 575 801 639 merces,
837 561 950 638 potest
981 557 1048 621 dici
1083 557 1259 622 hominem

178 668 344 729 creatum
368 681 444 729 esse
468 665 513 728 ad
537 664 629 727 bona
652 682 758 745 opera
784 664 881 746 (Eph.
905 666 934 746 2,
961 664 1013 743 10)
1043 664 1147 728 simul
1170 682 1260 729 vero

179 776 214 838 et
239 772 288 837 ad
312 771 605 850 beatitudinem¹t
632 771 784 853 «ltaque,
808 771 921 854 inquit
943 771 1156 853 Tiohvinski‚
1188 771 1255 852 spi·

180 880 325 944 ritualis
358 880 582 964 moralisque,
615 896 706 962 quae
739 878 927 942 individuis
963 878 1167 959 attingenda
1203 881 1262 943 est

181 988 331 1070 viribus,
355 987 424 1051 sui
448 987 664 1060 evolutio
687 986 827 1050 simul
851 992 994 1069 atque
1018 986 1261 1067 perfectio

177 1099 227 1160 et
252 1093 512 1159 constituit
534 1093 670 1158 illam
694 1094 827 1172 viam,
860 1113 930 1176 qua
962 1095 1064 1157 homo
1086 1092 1256 1157 assimila·

179 1201 314 1265 tionem
340 1199 404 1265 Dei
428 1201 536 1265 libere
560 1201 746 1282 acquirere
778 1205 892 1283 potest
923 1219 985 1282 pro
1017 1200 1089 1264 suis
1124 1199 1261 1264 viribus
1369 1284 1377 1293 .

178 1307 443 1394 spiritualibus»
458 1305 488 1387 ²).
519 1307 693 1372 Rudakov
717 1326 802 1373 vero
826 1308 879 1372 his
903 1308 1097 1372 doctrinam
1121 1308 1164 1372 de
1186 1308 1262 1372 fine

180 1415 377 1481 concludit:
405 1415 534 1479 «Homo
558 1415 719 1479 conditus
742 1418 804 1496 est,
837 1421 876 1478 ut
908 1419 1007 1480 recta
1035 1417 1261 1498 regularique

182 1540 332 1587 suarum
365 1523 494 1586 virium
526 1523 725 1588 evolutione
758 1523 1008 1588 beatitudinem
1031 1541 1257 1606 consequere-

179 1637 264 1694 tur»
279 1628 308 1709 ³).
334 1629 399 1694 Hic
421 1629 537 1711 igitur,
561 1648 665 1712 quern
691 1631 782 1695 russi
806 1635 974 1711 statuunt,
1007 1631 1154 1694 hominis
1177 1631 1262 1695 finis

180 1739 273 1802 duos
296 1737 538 1818 complectitur
561 1738 663 1818 fines;
686 1738 838 1803 alterum
861 1737 1058 1820 proximum
1092 1738 1144 1801 sui
1178 1756 1260 1803 evo-

180 1844 352 1909 lutionem
375 1861 418 1908 ac
443 1844 698 1925 perlectionem,
732 1844 883 1910 alterurn
913 1845 1024 1910 veluti
1047 1863 1257 1927 consequen-

183 1957 258 2018 tem
281 1951 641 2034 concomitantemque
665 1988 705 1998 -
731 1953 980 2018 beatitudinem
1014 1957 1088 2016 tum
1120 1954 1156 2016 in
1188 1953 1261 2016 hac

183 2059 273 2139 vita,
297 2063 371 2122 tum
393 2060 430 2121 in
452 2059 577 2141 altera,
610 2075 701 2140 quae
733 2060 799 2124 erit
822 2061 933 2125 veluti
957 2060 1098 2123 ultimus
1121 2063 1262 2125 fructus

182 2171 222 2232 et
247 2183 373 2231 corona
397 2166 545 2230 hominis
570 2170 769 2232 conatuum.
794 2203 825 2213 -
850 2166 975 2250 Itaque
998 2168 1055 2232 hic
1078 2186 1258 2232 russorum

182 2274 269 2339 finis
306 2273 552 2354 correspondet
585 2273 838 2356 quodammodo
879 2276 910 2339 ei
948 2293 1051 2358 quem
1088 2293 1262 2340 vocamus

183 2382 328 2447 finem
360 2398 445 2463 quo
473 2399 534 2446 seu
568 2381 800 2446 subiectivum
832 2383 1007 2447 internum
1035 2383 1262 2466 (antiquiores

184 2506 270 2555 eum
293 2488 456 2552 dicebant
478 2489 679 2566 formalem).
1121 2480 1122 2484 ’

295 2595 450 2660 Tandem
474 2595 585 2660 relate
609 2597 654 2659 ad
678 2601 815 2661 ceteras
834 2615 890 2660 res
918 2597 998 2660 finis
1029 2597 1176 2661 hominis
1199 2615 1261 2661 ex-

184 2701 349 2786 primitur
380 2702 499 2767 verbis
531 2703 638 2784 ipsius
662 2703 739 2769 Dei:
772 2722 897 2786 nempe
933 2708 971 2768 ut
1003 2704 1133 2785 praesit
1164 2701 1262 2778 (Gen.

187 2813 218 2892 1,
243 2809 304 2887 26).
349 2809 441 2874 Nam
473 2811 582 2890 homo,
617 2828 688 2893 qua
720 2812 835 2893 imago
868 2811 943 2893 Dei,
974 2813 1183 2876 constitutus
1205 2816 1263 2876 est

184 2916 388 2981 mediatoris
422 2916 534 2980 instar
559 2917 657 2982 inter
681 2915 882 2983 Creatorem
915 2923 950 2983 et
981 2923 1192 3000 creaturam,
1220 2921 1264 2981 ut

185 3027 281 3090 esset
313 3023 423 3088 veluti
457 3026 635 3107 propheta,
670 3027 824 3107 pontifex
857 3031 893 3090 et
924 3044 998 3109 rex,
1029 3028 1088 3109 qui
1121 3025 1259 3091 nomine

182 3130 401 3195 irrationalis
419 3137 606 3196 creaturae
624 3133 745 3197 laudes
765 3132 838 3198 Deo
859 3133 1068 3215 panderet4).
1084 3170 1121 3178 -
1133 3132 1263 3215 Itaque

181 3238 246 3304 hic
268 3237 350 3301 finis
374 3238 537 3304 coincidit
560 3257 641 3303 curn
665 3239 743 3322 fine,
768 3259 872 3323 quem
896 3241 1043 3305 dicimus
1067 3240 1261 3318 objecti·

181 3363 292 3411 vum
316 3345 570 3411 formalem.

297 3629 319 3696 ¹)
337 3627 380 3682 Id.
400 3629 418 3681 l.
438 3645 461 3682 c.
482 3645 509 3698 p.
528 3630 679 3684 ier-462.

295 3717 516 3787 ²)Tuxsnue1u'll,
536 3734 580 3788 op.
599 3733 623 3772 c.
643 3720 681 3788 II,
699 3738 755 3773 uru.
775 3721 800 3788 8,
820 3737 846 3790 p.
868 3722 927 3777 102.

295 3810 318 3874 ³)
336 3808 483 3875 Pyramus,
503 3823 547 3877 op.
568 3824 591 3862 c.
612 3814 628 3873 ξ
647 3811 691 3876 39,
710 3825 736 3878 p.
751 3811 794 3865 tc.

294 3900 318 3963 ⁴)
337 3896 468 3966 Manapiil.
488 3897 626 3951 Borocron.
646 3898 669 3966 Ι,
689 3903 704 3962 ξ
724 3898 767 3966 83,
787 3915 813 3967 p.
833 3900 983 3956 tea-463.
