2872 4666
482 1473 938 1576 PROOEMIUM.
1035 1477 1038 1481 ’

288 1865 315 1927 1.
339 1862 499 1944 Plerique
522 1861 677 1942 credunt,
701 1861 730 1925 si
753 1861 944 1942 primatum
968 1860 1246 1944 Romani-Ponti·

176 1971 256 2034 ficis
280 1972 314 2034 et
336 1969 589 2051 processionem
615 1968 762 2050 Spiritus
786 1968 907 2035 Sancti
930 1967 1094 2051 excipias,
1118 1969 1250 2032 vinae

178 2097 224 2142 ne
247 2077 310 2141 vix
333 2077 472 2159 quidem
496 2076 659 2157 dogmata
686 2094 761 2141 esse
794 2077 876 2159 ulla,
909 2094 1000 2159 quae
1033 2074 1249 2141 Orthodoxos

177 2202 202 2247 a
225 2181 412 2248 Catholicis
436 2186 606 2264 separent.
640 2181 739 2262 Quae
763 2201 845 2247 cum
869 2183 908 2247 A.
933 2183 1085 2266 Belaiev‚
1109 2183 1247 2248 celeber

179 2308 358 2354 russorum
383 2291 561 2374 theologus
583 2309 627 2354 ac
650 2292 822 2372 professor
846 2290 1102 2371 Moscoviensia
1126 2308 1247 2355 secum

181 2401 333 2480 reputat:
359 2437 399 2443 —
428 2416 465 2461 «ο
489 2398 623 2479 miram,
648 2398 767 2480 inquit,
791 2397 1048 2479 simplicitatem
1072 2397 1250 2461 hominum

177 2509 286 2588 atque
310 2505 585 2569 credulitateml»
601 2507 622 2583 1)
651 2503 764 2584 Quem
787 2505 977 2570 clamorem
1000 2522 1112 2586 neque
1136 2504 1249 2568 minus

179 2613 357 2677 sincerum
389 2631 464 2677 esse
501 2602 608 2694 quam
649 2613 778 2676 iustum
816 2613 1021 2677 documento
1054 2617 1135 2675 sunt
1169 2611 1250 2676 illae

180 2720 321 2801 latinae,
344 2737 433 2802 quas
452 2720 543 2800 dicit,
563 2719 800 2784 aberrationes
819 2722 853 2784 et
871 2720 1033 2784 haereses
1052 2722 1087 2783 et
1105 2737 1251 2799 errores,

180 2845 272 2909 quae
304 2845 365 2908 per
397 2828 515 2908 plures
547 2845 675 2910 easque
700 2827 882 2891 continuas
914 2828 1073 2891 recenset
1096 2825 1252 2908 paginae.

290 2935 446 2999 Proiecto
470 2935 534 2998 vix
558 2935 668 2997 ullum
686 2934 837 3016 reperies
857 2934 1036 2998 doctrinae
1055 2935 1251 2998 catholicae

180 3050 298 3124 caput,
322 3043 412 3123 quod
432 3059 454 3105 a
474 3042 639 3124 theologis
658 3043 766 3105 russis
781 3042 841 3123 qui
855 3045 975 3105 nostra
989 3042 1116 3106 florent
1135 3045 1251 3106 aetate

182 3168 250 3213 non
275 3151 507 3229 impugnetur.

291 3256 339 3320 Ut
361 3259 581 3337 praeteream
613 3274 703 3340 quae
735 3275 847 3339 neque
881 3257 924 3320 ab
958 3255 1116 3320 omnibus
1140 3274 1253 3338 neque

182 3366 282 3426 tanta
307 3381 388 3427 cum
412 3363 631 3428 vehementia
655 3364 918 3447 exprobrentur,
951 3363 1082 3445 pariter
1106 3365 1188 3445 atqe
1211 3380 1253 3426 ea

181 3488 274 3553 quae
298 3488 419 3543 ,mores
452 3471 573 3552 potius,
606 3471 826 3552 disciplinam
848 3474 883 3536 et
906 3472 1040 3535 cultum
1063 3487 1171 3552 quam
1196 3472 1253 3534 do-

293 3720 312 3786 1)
339 3718 371 3771 Α.
399 3719 530 3771 Baracum.
569 3718 591 3772 Ο
619 3718 783 3780 Coenrnenin
809 3718 944 3787 llepnneii.
978 3716 1104 3786 Cepriesn
1136 3717 1252 3778 IIooana.

190 3808 254 3863 1897
274 3824 301 3877 p.
318 3808 369 3863 129
385 3823 435 3876 sq„
455 3808 515 3863 209.
535 3806 708 3862 Generatim
728 3808 805 3861 russi
820 3822 908 3876 saepe
922 3811 1155 3875 conqueruntur,
1175 3806 1255 3875 quod

184 3898 321 3952 catholici
349 3903 379 3952 et
405 3903 602 3967 protestantes
629 3914 731 3952 eorum
759 3898 942 3966 theologiam
961 3897 1103 3965 ignorant
1122 3913 1155 3950 ac
1175 3911 1254 3966 sper·

188 3993 270 4042 nunt.

239 4099 315 4131 nonum
330 4100 422 4131 nuusuruu.
1136 4079 1150 4130 1
