2872 4666
595 400 636 410 -
686 365 748 431 153
797 400 835 410 -

163 541 244 637 [ΙΙΙ
262 578 365 644 etiam
388 576 512 642 Siraeh
537 579 587 658 ll,
620 576 771 656 6-11u
820 577 918 641 «Hac
955 578 1098 659 ratione,
1135 577 1248 662 iuquit

189 661 366 766 Iaoarius,
400 685 494 749 Deus
517 687 590 767 ipse
612 694 689 750 erat
713 686 844 767 primus
868 689 1065 750 nostrorum
1089 690 1249 767 protopa-

163 775 318 857 ’Qntum
340 793 508 857 educator
531 795 566 856 et
589 793 774 875 magister»
790 791 820 870 ²).

287 899 364 964 Hac
388 901 570 964 occasione
594 900 747 963 nonnulli
772 899 877 964 etiam
902 898 944 964 de
967 899 1248 980 revelationibus,

163 1003 305 1082 luibus
328 1007 423 1071 Deus
447 1011 730 1090 protoparentum
749 1014 882 1072 mentes
900 1005 1101 1070 illustrabat
1119 1024 1247 1089 eosque

162 1116 230 1180 =es
257 1115 339 1179 lidei
360 1114 536 1194 edocebat,
560 1117 756 1198 loquuntur.
781 1111 932 1194 Quidam
955 1114 1041 1178 istas
1064 1114 1247 1178 revelatio·

162 1231 236 1289 les
271 1223 377 1285 etiam
409 1221 694 1304 supernaturales
726 1223 914 1304 appellant
963 1220 1029 1286 Sed
1057 1222 1247 1286 notandum

162 1336 222 1396 est
252 1331 442 1394 eorundem
473 1331 709 1412 theologorum
743 1330 914 1395 sententia
943 1330 1247 1411 supernaturalem

162 1436 428 1506 revelationem
452 1456 520 1502 nou
543 1437 707 1518 distingui
729 1455 752 1501 a
775 1437 929 1501 naturali
953 1437 1019 1501 nisi
1044 1436 1151 1518 modo,
1179 1454 1249 1519 quo

162 1545 466 1625 :ommunicatuu
502 1548 537 1610 et
572 1545 713 1625 obiecto,
749 1545 842 1627 quod
879 1545 1044 1625 continet3
1085 1547 1248 1625 respectu

161 1670 261 1720 vero
297 1651 414 1716 habito
447 1652 592 1716 hominis
624 1653 729 1717 etiam
762 1652 954 1716 innocentis
988 1656 1113 1717 neutra
1140 1668 1247 1733 supra

161 1759 377 1827 naturalem
396 1759 469 1824 eius
487 1760 698 1842 exigentiam
718 1760 870 1841 ponitur;
893 1760 993 1824 homo
1013 1759 1088 1842 ipsa
1107 1764 1249 1842 natura,

161 1886 246 1954 gua
266 1867 449 1931 rationalis
467 1872 528 1950 est,
547 1885 658 1950 aeque
678 1871 862 1950 utramque
881 1867 1062 1949 desiderat,
1086 1868 1247 1949 postulat,

161 1973 302 2055 exigit3
337 1977 442 2055 atque
479 1975 584 2057 Deus,
621 1974 686 2037 nisi
718 1975 810 2057 quod
842 1975 1004 2038 naturale
1036 1979 1088 2039 est
1115 1975 1249 2038 trustra

160 2100 251 2150 esse
277 2086 313 2144 et
335 2081 448 2163 perire
471 2082 586 2163 vellet,
610 2081 798 2147 benevolus
822 2082 904 2146 huie
929 2082 1074 2146 hominis
1094 2081 1247 2164 indigen·

160 2190 247 2255 tiae
272 2189 443 2253 subvenit.
469 2189 654 2255 Praeterea
678 2190 957 2272 supernaturalis
981 2190 1118 2255 nomine
1136 2209 1158 2254 a
1178 2190 1247 2272 ple-

160 2298 298 2378 risque
317 2295 402 2359 nihil
420 2296 514 2360 aliud
534 2297 737 2380 intelligitur
760 2297 827 2361 nisi
845 2298 1126 2379 suprasensibile;
1150 2297 1247 2363 intel·

163 2405 292 2469 lectus
310 2403 502 2469 nonhabet
520 2423 690 2488 organum
709 2405 868 2486 speciale,
892 2423 959 2487 quo
975 2405 1142 2469 veritates
1157 2423 1248 2487 quae

166 2526 288 2591 supra
311 2509 484 2574 internum
509 2513 567 2576 vel
590 2517 774 2577 externum
806 2530 946 2576 sensum
974 2517 1056 2575 sunt
1088 2512 1246 2594 attingat,

168 2615 279 2682 velut
301 2616 522 2682 existentiam
548 2618 621 2699 Dei,
654 2620 984 2684 immaterialitatem
1007 2620 1146 2683 animae
1169 2625 1247 2700 etc.;

172 2847 258 2900 ἔκτισε
278 2848 321 2898 καὶ
339 2846 382 2899 τὸν
397 2849 534 2918 ἄνθρωπον
550 2848 681 2900 ἀθάνατον
696 2848 808 2920 [ipim
828 2865 1011 2918 quamquam
1032 2851 1061 2902 in
1076 2849 1180 2903 eadam
1195 2850 1245 2902 ad·

172 2936 332 2991 notatione
360 2952 386 3005 p.
406 2938 459 2991 425
485 2953 544 2991 non
570 2940 689 2992 omnino
715 2946 793 2993 recte
820 2940 925 2993 relatio
950 2940 1183 2993 immortalitatis
1208 2939 1246 2992 ad

172 3030 321 3080 naturam
335 3027 462 3079 hominis
476 3033 511 3079 ut
525 3032 663 3080 naturam
679 3029 873 3096 intelligitur:
889 3023 946 3081 ‘ilat
961 3031 1094 3099 Κορέσσιος
1111 3029 1246 3099 θαυμάζω,

174 3115 298 3181 dicitur,
317 3120 371 3175 πῶς
390 3109 456 3167 εἶπεν
475 3117 513 3167 ὅτι
533 3117 546 3166 ὁ
567 3115 648 3187 Ἀδὰμ
667 3111 712 3181 ipo
733 3117 804 3186 φύσει
826 3118 939 3188 φθαρτὸς
958 3117 1023 3170 κατὰ
1041 3118 1085 3169 τὸν
1104 3118 1183 3185 λόγον
1202 3125 1247 3182 τῆς

175 3203 248 3269 ὕλης,
269 3196 285 3266 ἦ
304 3222 351 3254 τινι
370 3205 480 3273 στέρησις
500 3206 669 3273 natantum,
690 3207 731 3257 aori
746 3205 810 3258 κατὰ
825 3207 869 3258 τὸν
879 3208 958 3274 λόγον
968 3214 1012 3258 τοῦ
1025 3206 1134 3276 ἐμφύτου
1145 3207 1246 3276 θερμοῦ

176 3293 220 3344 καὶ
230 3291 311 3362 {appot
321 3298 372 3343 τῶν
383 3294 537 3362 mopsien».
547 3293 689 3363 -Neque
699 3311 823 3364 parvam
833 3296 1045 3350 difficultatem
1056 3298 1086 3348 in
1097 3297 1153 3348 hac
1161 3311 1192 3347 rc
1201 3301 1245 3348 at·

177 3396 236 3450 qne
246 3382 451 3435 contusionem
461 3384 539 3452 parit
550 3399 669 3452 quoque
678 3386 865 3454 principium,
877 3385 957 3455 quod
968 3402 986 3438 a
996 3385 1143 3452 theologis
1158 3399 1247 3454 saepe

178 3471 335 3539 repetitur,
344 3472 493 3525 hominem
508 3488 567 3526 non
583 3475 715 3542 potuisse
730 3490 746 3527 e
760 3476 898 3529 manibus
914 3475 968 3529 Dei
983 3474 1100 3544 prodire
1114 3490 1181 3527 cum
1192 3475 1244 3527 ali·

179 3574 237 3628 quo
262 3559 388 3613 delectu.
409 3561 486 3615 Mors
509 3567 611 3615 autem
636 3563 768 3616 detectus
788 3570 840 3630 est,
860 3565 1004 3632 sequitur,
1023 3571 1057 3617 ut
1076 3565 1162 3617 homo
1181 3564 1246 3631 ipsa

179 3653 289 3701 natura
306 3664 371 3702 esse
390 3651 566 3704 immortalis
585 3651 728 3706 debuerit.
748 3651 805 3707 Sed
825 3669 863 3707 ex
882 3653 978 3706 altera
996 3660 1081 3722 parte
1100 3653 1247 3720 quomodo

182 3736 210 3789 id
228 3753 297 3792 cum
311 3742 421 3792 natura
435 3741 564 3807 corporis
579 3745 613 3793 ut
628 3743 757 3809 corporis
772 3743 907 3811 componi
921 3741 1040 3810 potest?
1058 3743 1158 3810 Atque
1173 3746 1246 3796 haec

183 3832 225 3880 est
244 3828 320 3881 ratio
339 3843 393 3881 eur
411 3831 488 3882 russi
507 3830 649 3883 vacillent
668 3831 699 3883 in
719 3832 773 3885 hae
792 3848 824 3885 re
842 3847 897 3886 nec
917 3833 988 3885 satis
1007 3833 1080 3887 clari
1100 3833 1166 3886 sint.

287 3917 307 3985 ¹)
327 3915 500 3987 Cmmsecrps‚
521 3935 565 3988 op.
587 3935 611 3972 e.
631 3920 683 3987 ΙΙΙ,
703 3924 718 3984 ξ
737 3922 780 3989 56,
800 3937 826 3989 p.
847 3921 913 3988 4063
934 3922 1041 3974 etalii.

286 4008 306 4068 ¹)
324 4006 455 4075 Maiapill.
475 4009 610 4062 Boroeroa.
631 4009 652 4077 Ι,
673 4013 688 4073 ξ
707 4010 749 4075 85,
769 4026 795 4077 p.
815 4009 876 4064 468.
