2872 4666
600 353 820 419 -60-

178 573 295 651 tatem,
323 568 585 649 possibilitatem
609 569 831 633 concedant?
875 570 1007 634 Textus
1038 569 1129 636 euim
1157 567 1221 636 scri·

178 681 303 757 pturae
327 693 460 756 sacrae,
484 694 552 758 quo
576 675 765 758 praecipue
786 675 955 757 nituntur,
978 685 1093 742 sonat:
1120 675 1217 742 «facia

177 800 255 848 mus
278 783 450 848 bominem
469 783 513 847 ad
533 783 720 865 imaginem
739 789 774 849 et
791 784 1051 850 similitudinem
1071 788 1222 850 nostram»

176 888 270 967 (Gen.
297 894 324 972 1,
347 891 414 970 22);
444 907 528 972 ergo
550 907 662 973 aeqae
683 890 730 954 ad
753 890 940 973 imaginem
962 896 999 956 et
1021 893 1067 957 ad
1091 891 1221 957 similitu-

177 997 305 1078 dinem;
328 1016 397 1062 non
421 1016 507 1062 vero
530 997 576 1062 ad
599 998 848 1080 possessionem
871 998 973 1080 iliius,
994 999 1058 1064 sed
1081 996 1225 1081 possibili·

176 1107 285 1169 tatem
313 1104 425 1168 huius
470 1102 570 1184 Quae
592 1118 675 1170 cum
698 1103 867 1169 obicimus
888 1110 1173 1187 argumentamur
1190 1101 1225 1167 ad

177 1213 363 1293 hominem;
395 1213 487 1276 russi
517 1212 611 1278 enim
639 1230 720 1276 cum
744 1213 833 1277 baec
856 1211 981 1278 docent
1003 1231 1075 1277 non
1098 1213 1227 1279 hebraeo

178 1324 323 1384 utuntur
347 1326 445 1385 textu
468 1321 528 1385 sed
551 1338 681 1403 graeca
705 1320 873 1386 versione

283 1428 450 1494 Praterea
482 1428 570 1493 haee
603 1446 782 1492 russorum
813 1427 973 1493 doctrina
1006 1433 1115 1493 totam
1143 1423 1223 1511 primi

177 1535 324 1599 hominis
347 1535 593 1616 perfectionem
616 1554 685 1600 non
704 1535 877 1615 exprimit.
900 1535 1038 1600 Etenim
1057 1554 1137 1600 eum
1153 1529 1226 1599 russi

177 1643 315 1707 nomine
347 1642 508 1724 imaginis
540 1643 626 1707 nihil
659 1643 754 1707 aliud
777 1643 843 1707 nisi
866 1645 979 1726 ipsam
1003 1647 1165 1709 naturam
1183 1657 1222 1706 ra·

177 1750 349 1832 tionalem,
373 1757 408 1814 et
430 1751 568 1816 nomine
590 1750 823 1815 similitudinis
846 1751 982 1815 nonnisi
1000 1753 1225 1833 perfectionem

175 1875 267 1940 quae
289 1857 486 1939 acquiritur
508 1858 704 1940 intelligant
722 1876 872 1940 eumque
891 1857 1002 1922 solam
1020 1840 1118 1923 illam
1136 1857 1227 1940 primo

177 1965 314 2046 parenti
338 1966 439 2046 plene
462 1964 628 2046 tribuant,
652 1965 756 2042 hujus
779 1965 914 2029 nonnisi
938 1965 1163 2046 possibilitate
1180 1977 1224 2025 ao·

176 2073 335 2156 quirendi
359 2091 535 2153 concessa,
565 2112 595 2119 —
625 2074 808 2138 manifeste
830 2077 1069 2155 praetereunt:

286 2182 315 2259 l)
338 2179 496 2247 Gratiam
517 2182 731 2246 habitualem
751 2199 813 2246 seu
832 2181 1123 2247 sanctificantem.
1145 2179 1222 2244 Haec

177 2289 269 2353 enim
294 2289 389 2353 nullo
413 2289 512 2352 modo
536 2290 681 2373 intelligi
705 2293 826 2371 potest,
851 2296 888 2353 ut
912 2306 1035 2371 perse
1060 2293 1160 2372 patet
1179 2301 1220 2348 uo·

177 2396 269 2460 mine
293 2395 385 2459 illius
409 2396 549 2461 seminis
563 2396 591 2478 ¹),
615 2396 798 2479 potentiae,
821 2395 1068 2478 possibilitatis,
1096 2389 1220 2478 quaein

176 2505 288 2585 primo
321 2503 457 2568 homine
490 2509 635 2586 ponunt;
669 2505 785 2588 gratia
816 2503 910 2568 enim
924 2543 928 2547 -
942 2504 1165 2568 sanctificans
1183 2497 1222 2562 cst

176 2609 325 2691 habitus,
359 2611 511 2692 qualitas
545 2612 659 2692 realis,
691 2612 803 2675 forma
836 2610 960 2687 inlusa,
993 2611 1085 2684 θείως
1107 2607 1173 2672 εἶναι
1192 2605 1226 2666 ut-

176 2718 295 2800 graeci
319 2721 437 2799 patres
461 2724 600 2783 vocant.

284 2824 405 2906 Neque
436 2829 549 2907 potest
581 2844 624 2890 ea
656 2825 800 2907 intelligi
825 2825 962 2890 nominc
984 2825 1078 2891 illius
1100 2820 1225 2908 gratiae,

288 3039 306 3101 ¹)
324 3035 463 3091 Cete1um
479 3038 556 3091 russi
571 3039 691 3091 nomine
707 3038 788 3091 illius
803 3038 931 3103 seminis,
951 3039 1105 3107 germinis,
1123 3037 1224 3090 illorum«

177 3127 338 3196 pignorum
357 3126 511 3181 deisimilis
529 3127 619 3195 vitae,
646 3143 773 3196 quorum
793 3128 905 3181 mentio
931 3142 1018 3196 saepe
1036 3127 1083 3194 fit,
1108 3124 1174 3181 nihil
1188 3118 1220 3170 ¹¹¹·

176 3216 320 3284 telligunt
339 3217 396 3269 nisi
417 3217 579 3284 potentiam
599 3217 636 3269 ad
656 3216 780 3285 aliquid,
806 3217 863 3269 nisi
883 3217 1051 3271 naturalem
1071 3213 1219 3270 facultatem

177 3320 230 3359 seu
250 3305 450 3372 aptitudinem
470 3321 533 3359 sese
551 3305 711 3359 evolvendi
730 3322 766 3360 ac
785 3305 968 3374 perficiendi.
998 3305 1130 3360 «Primus
1147 3304 1225 3356 hone

177 3396 276 3463 inquit
294 3395 490 3463 Tichomir0v‚
510 3398 675 3449 eminentes
694 3397 811 3462 mentis,
836 3397 964 3450 affectus
982 3403 1012 3449 et
1031 3395 1173 3450 libertatis
1187 3397 1220 3440 tf·

176 3483 254 3551 cepit
273 3498 290 3536 a
310 3483 372 3537 Deo
391 3485 480 3552 vires,
495 3486 532 3537 in
552 3486 693 3553 quibus
713 3490 905 3553 tamquam
926 3487 963 3538 in
983 3485 1127 3539 semine
1150 3471 1223 3536 conii·

176 3572 329 3626 rebantur
347 3588 448 3627 omnes
467 3575 590 3627 divitiae
608 3575 691 3628 illius
719 3589 797 3643 quae
824 3575 964 3643 subsequi
990 3574 1095 3628 debuit
1112 3567 1224 3627 evolu·

176 3662 315 3729 tionis;
342 3678 418 3732 quae
445 3663 524 3717 vires
550 3665 670 3718 omnino
689 3665 875 3717 sufficientes
896 3670 990 3728 erant,
1015 3667 1051 3717 ut
1077 3663 1161 3718 homo
1177 3665 1231 3725 spt‘

174 3752 270 3805 clmen
290 3752 365 3805 illud
384 3753 504 3821 assequi
523 3758 621 3821 posset
640 3752 719 3822 quod
734 3752 869 3806 Christus
883 3752 1025 3806 ostendit:
1047 3757 1155 3807 »estote
1169 3750 1241 3812 argi>

176 3857 230 3895 vos
248 3842 381 3911 perfecti,
401 3843 478 3896 sicut
497 3847 526 3895 et
546 3847 630 3911 pater
648 3847 747 3897 vester
765 3843 900 3896 coelestis
919 3843 1070 3910 perfectus
1085 3847 1144 3896 est»
1162 3834 1249 3908 (Mlir

175 3933 200 3999 5,
216 3932 267 3996 48).
287 3931 466 3999 Tnxonnpons
484 3931 515 3994 ll.
530 3932 562 3985 A.
579 3931 669 3999 lippos
688 3931 839 3986 Oenoanaro
857 3932 1022 3986 Borocroaia.
1041 3932 1107 3992 Han.
1122 3932 1145 3996 2,
1164 3919 1265 3983 CIIFV

176 4021 253 4088 1897,
273 4037 299 4089 p.
321 4021 362 4074 14.
