2872 4666
614 330 857 397 -175-

95 532 402 610 Det-fectioni
424 543 727 626 supernaturalem
759 543 890 608 addens
914 544 1063 607 formam
1086 545 1266 626 quandam

90 639 253 716 &flu
278 652 496 735 qualitatem,
528 651 566 714 vi
589 650 689 714 ouius
712 651 813 714 homo
836 649 1032 713 formaliter
1056 650 1167 715 iustus
1190 651 1266 715 effi·

95 746 297 841 (titur,
313 756 571 839 pulchritudine
585 756 738 840 quadam
752 757 892 821 coelesti
908 756 1136 838 perfunditur,
1155 757 1268 821 veluti

97 846 393 932 deificatur.
416 865 542 930 Nullus
559 868 611 929 est
629 865 726 928 locus
746 864 882 945 gratiae
906 865 1072 945 elevanti3
1096 864 1265 947 siquidem

100 963 342 1038 ultimus
360 973 508 1037 hominis
525 973 614 1049 finis,
637 971 814 1036 beatitudo
838 970 972 1036 scilicet
990 975 1143 1054 aeterna,
1167 971 1270 1036 cuius

99 1076 338 1147 Qulmen
357 1081 445 1144 visio
463 1080 529 1145 Dei
546 1079 684 1143 facialis
702 1082 763 1157 est,
787 1096 899 1160 neque
923 1096 1029 1160 supra
1053 1079 1267 1161 exigentiam

104 1160 375 1254 humanae
397 1191 548 1252 naturae
570 1205 683 1270 neque
706 1203 814 1268 supra
838 1187 1028 1268 potentiam
1055 1204 1116 1251 seu
1141 1186 1269 1268 aptitu-

96 1271 320 1378 dinem,
354 1295 600 1376 perfectionem
635 1294 780 1375 ponitur.
827 1292 919 1374 Quid
952 1311 1035 1374 ergo
1071 1294 1270 1359 elevatione

103 1393 280 1476 Opus
306 1408 369 1484 est,
402 1419 482 1466 curn
506 1402 581 1484 ipsa
605 1403 676 1466 iam
698 1405 828 1466 natura
852 1402 1026 1482 proportio
1049 1401 1139 1465 inter
1162 1401 1268 1465 homi-

99 1494 271 1574 llem
299 1513 336 1577 et
358 1508 433 1574 eius
455 1509 615 1573 ultimum
634 1509 740 1575 finem
756 1543 795 1555 -
812 1507 1061 1572 beatitudinem
1085 1512 1266 1572 aeternam

101 1604 343 1684 existit?
367 1616 433 1682 Sed
455 1617 561 1680 etiarn
586 1615 819 1681 sanctificatio
842 1615 1025 1696 superflua
1049 1617 1110 1679 est.
1156 1613 1272 1678 Homo

99 1709 287 1791 ellim
321 1725 399 1804 ipsa
432 1728 561 1788 natura
593 1722 668 1786 sine
690 1726 845 1803 peccato,
878 1739 999 1802 puruS,
1022 1725 1150 1803 rectus,
1173 1721 1269 1783 inno-

103 1816 276 1898 Qns
297 1831 416 1913 fuisse,
439 1848 520 1895 oum
540 1849 559 1895 e
578 1829 738 1894 manibus
757 1828 823 1893 Dei
844 1828 1035 1909 prodiisset,
1058 1829 1272 1892 affirmatur.

101 1903 296 2009 Quod
331 1939 402 2001 iarn
434 1939 596 2003 sulficere
629 1941 790 2002 censetur
823 1937 869 2000 ad
903 1936 999 1999 illam
1037 1935 1184 1999 hominis
1222 1936 1267 1998 ad

211 2065 311 2114 eum
333 2048 373 2108 ut
390 2045 454 2110 filii
472 2045 518 2109 ad
537 2046 672 2126 patrem
691 2044 904 2123 relationem,
928 2045 973 2106 ad
993 2043 1090 2106 illam
1110 2043 1269 2105 intimam

108 2140 485 2231 Qommunionom
518 2152 717 2234 religionem
751 2169 812 2215 seu
840 2151 960 2215 foedus
984 2151 1073 2214 inter
1097 2149 1211 2214 Deum
1234 2152 1273 2213 et

112 2227 381 2329 hominem.
417 2259 540 2342 Itaque
573 2259 602 2323 si
634 2263 789 2338 systema
822 2275 1004 2321 russorum
1027 2257 1266 2321 consideretur

117 2362 386 2436 Qlevationi
405 2366 521 2430 nullus
539 2365 644 2430 datur
662 2366 768 2443 locus,
792 2364 1025 2429 sanctificatio
1044 2381 1130 2429 vero
1149 2381 1267 2444 super-

120 2454 267 2544 flua
293 2476 359 2539 est.
382 2475 496 2556 Atque
515 2473 606 2536 russi
624 2473 780 2554 theologi,
804 2489 1021 2554 quamquam
1044 2471 1175 2535 directe
1198 2488 1267 2533 non

126 2562 408 2666 impugnant
439 2583 593 2644 nostram
623 2580 775 2661 gratiam
803 2580 1084 2643 sanctificantem
1107 2577 1268 2641 habitua-

134 2671 273 2773 lem,
298 2704 408 2770 quam
422 2705 484 2751 nos
502 2689 607 2752 etiam
628 2687 738 2768 primo
757 2687 887 2749 homini
907 2685 1143 2750 necessariam
1161 2684 1272 2747 fuisse

138 2795 388 2875 Qredimus3
402 2797 645 2859 verumtamen
660 2794 795 2859 silentio
809 2811 886 2858 earn
902 2796 1137 2875 praetereunt3
1162 2791 1269 2853 immo

143 2911 282 2972 vero
318 2918 387 2964 non
411 2901 521 2964 solum
549 2920 618 2975 non
640 2905 855 2983 cognoscunt
887 2919 966 2964 eam
998 2900 1058 2963 sed
1085 2898 1191 2963 etiam
1223 2915 1271 2961 ne

145 3019 299 3090 Dosse
324 3008 462 3090 quidem
485 3009 678 3090 intelligere
701 3008 874 3090 videntur,
898 3008 981 3091 quid
1004 3007 1064 3071 illa
1084 3006 1148 3071 sibi
1173 3005 1272 3086 velit,

153 3125 225 3187 ut
256 3131 372 3196 supra
394 3117 617 3197 exposuimus
631 3115 658 3195 ¹).

310 3219 340 3285 l.
362 3220 516 3286 Exclusa
538 3222 653 3304 gratia
677 3222 921 3286 sanctificante
948 3220 1112 3303 sequitur,
1147 3222 1185 3283 ut
1212 3238 1269 3283 ne-

150 3347 267 3420 que
291 3327 336 3393 de
358 3328 546 3393 virtutibus
569 3330 691 3393 infusis
715 3329 790 3392 sive
812 3328 1017 3409 theologicis
1050 3327 1124 3392 sive
1158 3345 1269 3390 mora·

159 3435 292 3506 libus
316 3453 427 3519 neque
450 3438 492 3501 de
515 3437 612 3500 donis
631 3435 779 3518 Spiritus
798 3437 912 3500 saneti
930 3453 1042 3500 sermo
1060 3453 1136 3500 esse
1154 3435 1269 3516 possit.

165 3543 230 3613 Si
258 3543 377 3608 virtus
400 3543 532 3608 infundi
562 3561 631 3606 non
655 3545 775 3625 potest,
809 3560 921 3625 neque
955 3541 1112 3606 scientia:
1146 3541 1268 3606 eadem

168 3649 292 3716 ratio
316 3651 376 3715 est.
422 3650 537 3734 Atque
569 3667 607 3715 re
639 3649 715 3731 ipsa
747 3648 895 3731 theologi
920 3649 1020 3730 russi,
1049 3652 1088 3711 ut
1111 3649 1270 3729 diximus,

173 3757 262 3826 alii
286 3754 421 3821 silentio
439 3762 671 3838 praetereunt,
690 3757 754 3822 alii¹
763 3774 927 3839 expresse
942 3760 1072 3839 negant
1090 3756 1275 3822 scientiam

186 3913 419 3927 m

315 3984 335 4050 ¹)
353 3981 427 4037 Vide
446 4000 536 4053 supra
555 4000 582 4054 p.
603 3986 665 4040 118.
