2872 4666
594 334 833 399 -104-

179 548 307 613 tentiae
331 549 461 629 allegat
484 548 724 615 Innocentium
756 550 908 631 archiep.
933 547 1207 614 Chersonensem
1223 548 1242 584 ¹
1261 532 1305 623 Ζ(

179 655 278 720 cuius
301 656 494 737 opinionem
518 657 612 721 hisce
636 659 742 721 refert
766 657 895 721 verbis:
924 655 1179 739 «Innocentius,
1202 657 1266 718 in·
1293 654 1305 673 ²

178 764 253 846 quit
275 763 341 846 ille,
365 764 492 828 subicit
514 765 596 828 crisi
619 769 837 846 argumenta·
860 782 951 847 quae
970 764 1015 827 ad
1031 765 1253 846 probandam

178 871 472 953 superhumanam
511 871 607 935 illam
643 877 750 954 atque
787 872 1109 936 extraordinariam
1152 871 1247 935 Adae

178 978 384 1059 sapientiam
408 983 602 1043 sumuntur.
626 979 674 1043 Ut
693 982 939 1060 argumentum
959 979 1062 1042 huius
1087 979 1137 1042 rei
1158 996 1243 1042 corn·

179 1085 327 1150 muniter
351 1088 508 1167 affertur,
541 1087 632 1169 quod
662 1087 776 1150 Adam
800 1087 1013 1168 imposuerat
1036 1085 1248 1149 animalibus

178 1192 326 1274 nomina,
349 1212 440 1276 quae
465 1194 558 1259 Deus
578 1194 748 1276 probavit.
772 1194 839 1260 Sed
853 1211 915 1275 per
930 1195 996 1258 hoc
1011 1194 1107 1258 Deus
1121 1193 1247 1256 solum·

178 1300 277 1363 modo
301 1302 518 1366 occasionem
542 1303 759 1366 exercendae
779 1302 903 1367 mentis
917 1301 1051 1365 Adamo
1070 1300 1179 1379 dedit;
1204 1317 1251 1362 ex

177 1426 245 1490 quo
268 1411 364 1489 patet
388 1410 561 1472 Adamum
585 1427 671 1491 opus
695 1411 857 1474 habuisse
886 1413 924 1473 ut
943 1427 1007 1473 sua
1031 1427 1128 1473 mens
1153 1408 1252 1473 evol·

178 1519 335 1595 veretum
360 1516 454 1581 Deus
478 1517 630 1599 cupiens,
666 1522 723 1580 «ut
755 1517 891 1582 videret
918 1517 1000 1600 quid
1025 1519 1173 1580 vocaret
1206 1533 1253 1578 ea

178 1623 309 1685 Adam»
336 1621 559 1706 (Gen.9,19)
591 1624 804 1688 adamussim
837 1642 1021 1706 personam
1052 1621 1253 1704 paedagogi

177 1729 274 1811 gerit,
307 1730 367 1812 qui
400 1731 477 1794 vult
509 1750 611 1794 suum
644 1731 854 1812 discipulum
879 1732 1035 1812 probare.
1081 1727 1253 1794 Ceterum

175 1836 314 1900 enullo
338 1837 534 1918 scripturae
557 1842 656 1902 textu
689 1842 787 1919 patet
815 1840 907 1902 hanc
930 1837 1254 1903 denominationem

176 1944 308 2006 factam
327 1962 402 2009 esse
416 1944 452 2008 in
466 1944 609 2008 instanti
623 1947 902 2029 expressisseque
917 1964 1033 2011 rerum
1049 1945 1254 2010 essentiam.

176 2048 276 2130 Quod
310 2052 428 2115 uxoris
460 2052 628 2133 originem
660 2055 824 2134 cognovit
856 2053 956 2136 eique
988 2071 1113 2117 nomen
1144 2051 1257 2132 dedit,

176 2157 211 2220 id
234 2159 419 2239 provenire
451 2160 561 2239 potuit
593 2164 667 2223 tum
691 2179 710 2225 e
734 2161 874 2242 visione,
912 2178 1018 2244 quam
1055 2160 1175 2224 Adam
1214 2159 1254 2221 in

179 2285 297 2330 somno
321 2266 462 2347 habuit;
495 2286 585 2350 quae
609 2267 697 2331 visio
721 2268 819 2333 Adae
843 2268 1014 2350 patefecit,
1046 2267 1130 2350 quid
1167 2285 1255 2331 cum

176 2394 216 2440 eo
239 2379 274 2438 et
297 2393 401 2456 super
428 2394 468 2439 eo
491 2377 625 2439 iactum
658 2379 769 2457 esset;
808 2382 882 2439 turn
916 2395 935 2440 e
967 2394 1059 2458 vago
1091 2376 1253 2458 quodam

176 2501 279 2565 quem
303 2483 424 2545 habuit
447 2501 550 2546 sensu
573 2501 691 2547 eorum
716 2501 807 2565 quae
831 2488 984 2564 tempore
1007 2482 1114 2564 ipsius
1139 2484 1256 2547 actio-

176 2593 229 2656 nis
252 2591 391 2654 fiebant.
422 2591 575 2656 Ulterius
599 2609 644 2655 ex
667 2592 792 2654 analisi
815 2592 934 2672 lapsus
959 2594 1255 2672 protoparentum

176 2719 347 2780 monstrat
380 2715 602 2780 Innocentius
625 2716 820 2780 infantilem
852 2734 971 2781 eorum
1005 2716 1128 2781 mentis
1152 2718 1254 2781 indo·

176 2826 252 2889 lem.
299 2823 423 2906 Itaque
451 2821 633 2904 Scriptura
667 2841 691 2887 s.
725 2842 794 2886 non
829 2823 967 2888 exhibet
1000 2823 1097 2887 nobis
1130 2828 1253 2905 proto-

176 2934 338 3013 parentes
362 2949 442 2994 cum
466 2930 632 2994 innata
657 2931 908 3012 sapientia,
937 2949 1028 3014 quae
1051 2932 1160 2994 etiam
1186 2933 1254 2996 hu-

176 3057 302 3103 manae
321 3039 523 3119 cognitionis
547 3042 751 3104 naturae
774 3041 1024 3104 contraria
1047 3043 1136 3120 est3
1163 3041 1255 3124 quia

177 3147 341 3228 providus
366 3145 460 3212 Deus
484 3148 533 3209 ita
558 3147 736 3210 constituit
758 3147 939 3226 hominem,
969 3151 1007 3210 ut
1040 3148 1172 3212 sensim
1204 3168 1254 3214 ac

176 3253 384 3337 pedetentim
408 3255 606 3337 acquireret
629 3255 810 3318 scientias:
844 3259 1039 3337 repente
1063 3257 1253 3336 sapien-

176 3363 287 3425 tiam
320 3362 360 3425 ei
393 3362 504 3425 dare
536 3365 571 3425 et
602 3362 852 3444 experientiam
886 3362 1094 3445 impossibile
1126 3365 1253 3446 estat),

179 3466 339 3550 «Oportet
372 3468 494 3550 dicere,
528 3469 638 3551 inquit
672 3468 791 3533 ultimo
824 3468 988 3552 Svietlov‚
1022 3470 1115 3534 hauc
1139 3491 1253 3554 quac-

177 3648 387 3655 ..-—.-—-

285 3738 302 3800 ¹)
321 3735 456 3805 Archiep.
485 3738 676 3793 Innocentius
705 3755 787 3792 suam
822 3740 999 3793 sententiam
1032 3741 1184 3807 expressit
1219 3743 1253 3796 in

176 3841 270 3894 opere,
305 3827 384 3893 quod
417 3828 572 3880 invenitur
600 3830 630 3881 in
662 3828 819 3897 »Cdopunuo
837 3830 930 3888 :ieiunii
950 3830 1150 3897 nposlieccoponx
1175 3831 1252 3887 liius.

174 3916 289 3983 llyrouu.
309 3917 451 3981 Auaxcuiu,
471 3917 561 3981 Riese,
584 3918 679 3972 1869».

283 4007 302 4071 ²)
320 4005 464 4070 Cnhruorrn,
492 4022 535 4074 op.
556 4022 579 4059 c.
600 4006 636 4072 ΙΙ,
658 4011 672 4070 ἓ
691 4008 732 4069 39,
753 4025 777 4076 p.
799 4009 913 4062 (δῖ-58.
