2872 4666
615 261 831 326 ..79-

164 475 277 556 quod
299 492 472 538 summum
491 475 714 539 beatitudinis
733 480 794 558 est,
818 483 990 540 sumatur:
1014 456 1102 541 visio
1122 477 1260 542 scilicet

166 580 247 645 Dei
281 581 373 646 facie
407 581 452 645 ad
484 582 620 662 facicm,
656 601 757 648 nemo
794 601 973 647 russorum
1005 584 1145 648 videtur
1176 603 1255 651 eam

172 705 317 777 negare
327 687 355 766 ¹).

291 795 427 860 Pariter
457 801 493 860 et
525 796 708 862 Philaretis
736 796 975 863 Catechismus
1007 798 1053 862 ad
1085 799 1254 880 quaestio-

162 919 279 982 nem,
324 902 496 967 undenam
519 897 688 967 'futuram
725 906 777 987 sit,
813 909 852 968 ut
888 905 1021 969 oriatur
1057 904 1259 970 beatitudo?

164 1011 380 1091 respondet:
417 1030 453 1076 «e
486 1012 619 1076 visione
652 1011 715 1076 Dei
749 1013 784 1074 in
808 1013 938 1077 lumine
961 1019 995 1076 et
1018 1012 1128 1093 gloria
1152 1016 1257 1077 etex

169 1120 311 1182 unione
334 1137 414 1181 curn
438 1119 521 1199 Eo»;
554 1124 661 1200 atque
694 1120 780 1182 citat
806 1121 822 1180 1
848 1117 923 1184 Cor.
949 1119 998 1199 13,
1027 1121 1078 1199 123
1114 1121 1164 1199 15,
1197 1120 1256 1200 28;

171 1225 307 1289 Matth.
335 1227 384 1306 13,
408 1228 451 1291 43
464 1226 494 1307 ¹).

291 1330 426 1415 Operae
459 1336 608 1416 pretium
642 1340 694 1400 est
727 1335 922 1398 doctrinam
956 1353 1092 1417 quoque
1117 1334 1255 1401 Confes-

169 1438 289 1503 sionis
325 1436 545 1506 Orthodoxae
583 1441 731 1523 Mogilae
768 1442 810 1507 de
846 1442 915 1506 bac
946 1460 985 1507 re
1017 1444 1156 1522 afferre,
1189 1443 1252 1507 etsi

169 1545 333 1628 theologi
357 1566 424 1612 non
448 1552 586 1613 omnino
610 1567 688 1613 eam
713 1553 918 1632 sequuntur:
957 1546 1017 1610 ‹<‘H
1041 1541 1074 1610 δὲ
1097 1550 1179 1635 χαρὰ
1202 1549 1257 1610 καὶ

169 1658 191 1738 ἡ
233 1657 424 1740 awannam
457 1653 505 1717 δέν
540 1657 624 1718 θέλει
657 1654 730 1719 εἶναι
768 1660 856 1743 ἄλλη,
889 1657 999 1742 παρὰ
1035 1661 1054 1741 ἡ
1092 1656 1255 1742 θεωρία

171 1768 254 1846 τῆς
278 1764 493 1848 μακαρίας
516 1756 709 1850 Τριάδος,
733 1766 784 1826 καὶ
809 1770 824 1826 ὁ
848 1767 1048 1850 πνευματικὸς
1070 1766 1161 1850 χορὸς
1179 1755 1258 1849 pull

172 1869 216 1955 μὲ
247 1875 315 1942 τοὺς
336 1868 506 1957 'Arpetone
530 1874 637 1944 καθὼς
659 1876 686 1952 (l
715 1871 789 1937 Cor.
815 1874 864 1948 13,
891 1875 943 1952 12)
964 1872 1044 1958 λέγει
1068 1870 1253 1934 ὁἈτόστο-

172 1981 241 2049 λος·
278 1976 427 2062 βλέπομεν
458 1979 513 2064 γὰρ
549 1984 616 2064 ἄρτι
649 1972 837 2065 δι’έσόπτροο
870 1981 900 2040 ἐν
931 1979 1093 2065 αἰνίγματι,
1121 1980 1196 2041 τότε
1220 1970 1257 2040 δὲ

175 2087 347 2172 πρόσωπον
370 2089 442 2172 πρὸς
465 2089 635 2172 πρόσωπον.
656 2085 744 2173 ”Aput
766 2091 904 2173 γινώσαω
928 2089 961 2148 ἐκ
985 2087 1098 2172 μέρους,
1121 2088 1195 2148 τότε
1220 2078 1257 2147 δὲ.

176 2194 398 2278 έποριώσομαι,
421 2196 528 2266 καθὼς
551 2196 603 2256 καὶ
626 2195 846 2281 έπειτώσθην...
867 2190 1001 2279 Ἵστερον
1024 2197 1084 2256 ἀπὸ
1104 2194 1161 2279 τὴν
1179 2192 1254 2278 ἡμέ-

178 2322 236 2385 ραν
259 2305 316 2384 τῆς
337 2301 515 2374 τελευταίας
540 2302 662 2387 κρίσεως
687 2302 774 2363 θέλεν
798 2293 877 2387 δοθῇ
903 2304 963 2362 ἀπὸ
988 2303 1042 2362 τὸν
1067 2299 1254 2384 Θεὸνοῶς

176 2412 242 2478 εἰς
271 2410 372 2490 ἡμᾶς
404 2406 441 2492 μὲ
473 2410 511 2469 τὸ
537 2413 641 2468 ὁποῖον
665 2408 795 2494 θέλομεν
820 2400 890 2469 ἰδεῖν
912 2411 950 2468 τὸ
976 2416 1038 2492 φῶς
1069 2416 1126 2467 τοῦ
1160 2406 1253 2483 Θεοῦ,

177 2514 291 2586 καθὼς
304 2514 428 2596 (PS.35,
442 2514 491 2593 10)
505 2515 585 2601 λέγει
601 2507 822 2601 tililuipolte
839 2517 887 2576 ὅτι
901 2516 985 2600 παρά
1000 2537 1047 2574 σοι
1066 2515 1147 2600 πηγὴ
1164 2504 1255 2598 ζωῆς,

178 2623 211 2682 έν
224 2629 273 2704 τῷ
294 2621 373 2705 φωτί
394 2644 446 2682 σου
466 2619 615 2708 ὀψώμεθα
630 2631 700 2708 φῶς.
722 2623 766 2684 Τὸ
782 2628 886 2684 ὁποῖον
902 2625 1040 2693 ’έστωτας
1054 2622 1105 2682 καὶ
1120 2622 1155 2680 vol
1171 2626 1257 2682 beco-

180 2737 289 2813 ρεῖται,
321 2731 567 2791 καταπαύει
600 2737 700 2792 πᾶσαν
734 2731 897 2814 ἐπιθυμίαν
929 2736 1061 2815 πᾶσης
1100 2728 1253 2812 σοφίας

180 2835 235 2896 καὶ
259 2836 443 2923 καλωσίτης·
464 2829 547 2898 διατί
566 2843 605 2910 εἰς
624 2838 681 2922 τὴν
699 2848 755 2898 τοῦ
776 2843 867 2922 ἄκρου
885 2841 1008 2922 ἀγαθοῦ
1028 2836 1168 2920 θεωρίαν,
1193 2836 1256 2896 ὅλα

292 3033 312 3095 ¹)
330 3030 459 3101 Manapiii.
479 3030 632 3084 Borocnonie
651 3030 689 3097 ΙΙ,
709 3035 724 3094 ξ
745 3031 805 3097 972,
824 3046 850 3098 p⁴
866 3028 1251 3098 663—6683-Cr1usnccrps‚

178 3137 228 3189 op.
247 3136 270 3173 c.
290 3120 325 3186 V,
355 3121 450 3187 5212,
478 3137 505 3189 p.
524 3121 680 3187 ‹las-4393
709 3120 803 3184 5213,
831 3136 858 3189 p.
884 3120 936 3174 439
956 3134 1011 3187 sq.;
1040 3124 1069 3173 ct
1097 3121 1196 3172 ceteri.
1217 3149 1249 3157 —

179 3209 269 3265 Solus
289 3209 432 3277 Svietlov,
452 3216 597 3278 quantum
613 3211 697 3263 nobis
711 3214 815 3263 notum
832 3215 885 3276 est,
905 3210 981 3262 hanc
998 3209 1158 3262 «visionem
1175 3210 1252 3262 facie

178 3299 220 3353 ad
240 3300 360 3352 taciem»
383 3300 509 3367 concipit
529 3305 563 3353 ut
583 3299 732 3367 quendam
751 3300 963 3352 normalem
989 3298 1168 3366 cognitionis
1195 3296 1252 3349 Dei

177 3394 301 3456 statum,
321 3389 353 3441 in
371 3403 431 3456 quo
449 3389 538 3456 Daue,
559 3389 611 3456 qui
632 3389 743 3441 «lucem
758 3388 872 3441 habitat
887 3388 1118 3440 inaccessibilem
1133 3387 1157 3456 (Ι
1168 3386 1250 3439 Tom.

176 3481 204 3545 6,
228 3479 272 3543 16)
291 3483 407 3531 tantum
427 3483 622 3546 cognoscetur
635 3479 673 3530 ab
688 3478 815 3544 homine,
835 3482 981 3547 quantum
997 3477 1142 3531 limitatae
1158 3476 1249 3529 homi-

176 3567 226 3621 nis
247 3567 432 3620 substantiae
446 3567 615 3620 accessibile
631 3573 705 3634 θεας
728 3567 812 3619 «finis
827 3567 905 3619 enim
926 3565 1255 3634 supernaturalis

175 3656 372 3710 revelationis
390 3656 476 3709 iuxta
494 3672 562 3708 eum
583 3661 635 3723 est,
654 3662 689 3709 ut
708 3657 939 3709 transformetur
963 3657 994 3707 in
1020 3655 1249 3709 naturalem

174 3746 395 3800 revelationem
421 3744 448 3796 h.
469 3761 493 3798 c.
518 3747 549 3798 in
575 3746 763 3798 visionem
791 3744 872 3798 Dei».
893 3775 925 3783 -
946 3743 1090 3809 Cebrnoes,
1119 3760 1163 3812 op.
1183 3759 1206 3797 c.
1227 3743 1253 3811 Ι,

172 3835 351 3905 §dpffi

285 3928 306 3993 ²)
326 3924 509 3990 llarnxuenun,
529 3942 553 3979 ¹1.
574 3927 596 3989 1,
617 3943 631 3977 o
652 3925 743 3977 12¹[t1.
763 3942 786 3992 p.
807 3925 849 3979 65.
