2872 4666
594 353 621 361 ,.
680 317 741 382 193
791 351 831 362 ..

289 446 303 482 Ο

174 531 328 595 totaliter
359 534 393 594 et
425 531 578 612 perfecte
611 548 678 593 non
711 531 860 611 possidet
893 532 958 595 nisi
990 533 1103 596 solum
1144 550 1253 596 suum

174 638 364 719 Exemplar
388 656 510 718 nempe
535 637 649 702 Deus»
666 637 693 716 ¹).

285 744 369 808 Aliis
393 743 510 807 verbis
534 745 634 807 homo
658 752 798 809 creatus
822 751 874 810 est
893 746 937 809 ad
958 746 1146 827 imaginem
1172 746 1255 827 Dei,

175 852 367 917 destinatus
391 856 509 915 autem
532 853 577 915 ad
602 852 867 917 similitudinem.
891 851 957 917 Sed
976 853 1064 917 haee
1083 852 1253 916 infinitae

176 958 396 1041 perfeetionis
428 964 493 1022 est:
535 958 670 1022 «Estote
703 976 784 1040 ergo
818 978 880 1022 vos
914 961 1067 1041 perfecti,
1096 959 1191 1023 sieut
1216 963 1256 1025 et

177 1071 277 1147 pater
309 1070 426 1130 vester
459 1066 617 1131 eoelestis
649 1068 825 1147 perfectus
857 1071 929 1130 est»
963 1067 1095 1145 (Matth.
1120 1067 1151 1147 5,
1186 1067 1255 1145 48).

177 1173 268 1255 Ergo
291 1179 464 1254 ereatura,
488 1192 579 1255 quae
602 1174 702 1237 finita
726 1177 785 1254 est,
810 1192 878 1237 non
902 1178 1014 1255 potest
1036 1173 1134 1237 illam
1155 1174 1253 1237 simi·

177 1278 357 1343 litudinem
390 1279 573 1362 acquirere
601 1281 667 1344 nisi
690 1281 818 1362 partim
843 1281 1040 1363 partimque
1063 1281 1254 1360 perfeetio-

178 1405 257 1451 nem
280 1386 411 1449 Infiniti
430 1387 495 1449 sibi
514 1387 778 1469 appropriand0,
802 1387 867 1451 nisi
887 1387 1060 1467 gradatim
1081 1405 1124 1450 ae
1145 1386 1254 1468 pede·

178 1493 300 1557 tentim
332 1493 372 1558 Ei
404 1512 478 1559 sese
502 1495 735 1578 assimilando,
768 1495 833 1559 nisi
866 1496 927 1558 via
959 1494 1168 1560 evolationis
1206 1512 1255 1559 ae

179 1617 382 1682 progressus
396 1599 423 1679 2).

286 1707 409 1791 Itaque
454 1710 643 1773 ratione
679 1710 886 1774 eiusdem
922 1708 1147 1790 imaginis
1186 1726 1252 1773 seu

180 1813 360 1877 rationalis
396 1833 480 1880 suae
517 1823 666 1881 naturae
702 1820 843 1880 creatae
880 1817 980 1879 homo
1022 1834 1089 1879 non
1130 1819 1254 1898 potest,

180 1937 282 1983 suum
318 1923 424 1986 finem
461 1924 633 2005 attingere
666 1925 731 1987 nisi
764 1925 824 1988 via
856 1922 1062 1988 evolationis
1096 1940 1141 1986 ae
1175 1941 1253 2003 pro-

179 2045 329 2110 gressus.

286 2136 410 2220 Itaque
438 2137 532 2201 Deus
559 2135 703 2201 Creator
731 2138 950 2202 eonereando
974 2136 1102 2200 homini
1128 2135 1251 2219 imagi-

179 2262 259 2312 nem
283 2263 382 2309 suam
406 2244 437 2307 h.
462 2263 489 2308 e.
513 2245 748 2326 ingenerando
780 2245 810 2309 ei
844 2246 1008 2307 naturam
1041 2242 1253 2309 rationalem

179 2373 219 2419 eo
251 2354 325 2434 ipso
360 2357 388 2432 1)
411 2352 559 2416 ostendit
587 2353 618 2417 ei
641 2353 755 2428 finem,
789 2353 821 2430 2)
843 2352 1017 2432 impressit
1048 2352 1253 2416 naturalem

181 2460 392 2527 tendentiam
411 2462 457 2525 ad
471 2461 628 2537 eundem,
652 2461 683 2539 3)
705 2459 814 2524 efficit
828 2473 907 2524 eum
922 2457 1254 2538 correspondentem

180 2570 262 2633 huie
285 2569 345 2632 fini
371 2586 414 2632 ao
438 2569 691 2633 sufficientibus
715 2568 851 2632 viribus
873 2566 1058 2647 pollentem
1092 2564 1139 2627 ad
1173 2583 1256 2629 eum

180 2676 444 2759 assequendum,
467 2678 498 2754 4)
522 2676 669 2738 ostendit
693 2676 789 2739 viam
813 2674 858 2737 ad
877 2674 992 2737 finem.
1017 2672 1133 2754 Atque
1158 2673 1258 2737 hisee

181 2788 320 2849 constat
351 2783 472 2848 relatio
507 2783 568 2846 Dei
604 2781 776 2846 Creatoris
808 2782 853 2844 ad
888 2783 1038 2861 primum
1063 2780 1257 2860 hominem3

180 2893 269 2957 haee
311 2897 392 2955 sunt
433 2891 523 2954 dona
565 2888 738 2955 Creatoris
779 2907 870 2972 quae
911 2888 1048 2952 nomine
1094 2893 1252 2953 naturae

182 3000 337 3066 veniunt.
375 3029 377 3033 ·

289 3104 470 3168 Terminus
512 3104 617 3186 igitur
659 3103 806 3166 hominis
846 3102 892 3165 ad
937 3120 1041 3183 quem
1083 3103 1137 3164 est
1176 3101 1258 3164 vita

183 3219 335 3288 aeterna,
368 3230 390 3275 a
417 3230 485 3295 quo
510 3248 550 3257 -
575 3215 704 3275 natura
728 3210 908 3274 rationalis
932 3208 1090 3290 praedita
1115 3208 1259 3272 viribus

184 3322 282 3402 aptis,
308 3320 457 3384 medium
485 3357 521 3364 ——
548 3319 697 3383 evolutio
722 3337 765 3382 ae
789 3334 1001 3398 progressus.

291 3428 385 3492 Inter
418 3428 603 3491 terminum
636 3445 658 3489 a
690 3444 758 3509 quo
790 3429 825 3488 et
857 3424 1043 3489 terminum
1077 3421 1123 3485 ad
1148 3441 1259 3504 quem

183 3536 302 3601 existit
333 3535 636 3616 correspondentia
669 3535 844 3617 quaedam
876 3531 1048 3594 naturalis
1081 3547 1144 3593 seu
1179 3549 1262 3611 pro·

186 3641 296 3722 portio
317 3642 545 3720 (eoorninouie).

295 3823 313 3881 ¹)
331 3817 503 3887 Crmnserrpn,
524 3833 567 3886 op⁴
589 3833 612 3870 e.
632 3817 684 3884 ΙΙΙ,
705 3821 719 3881 ξ
739 3817 781 3877 58,
801 3831 828 3883 p.
848 3815 908 3880 416,
934 3813 1000 3879 4183
1020 3842 1052 3848 —
1072 3810 1262 3877 Turenuoaiii

188 3926 232 3977 op.
252 3926 275 3962 o.
296 3910 332 3973 ΙΙ,
352 3927 407 3960 nvn.
428 3911 469 3975 10,
490 3924 516 3976 p.
538 3908 597 3971 198,
618 3907 682 3971 1293
703 3937 735 3944 -
755 3903 909 3967 i‘eneueniir,
929 3918 974 3969 op.
994 3917 1017 3954 e.
1038 3916 1063 3968 p.
1084 3900 1127 3953 39.

296 4003 316 4063 2)
337 3999 411 4051 Vide
431 4014 519 4066 supra
540 3997 651 4065 proleg.
672 4012 698 4063 p.
719 3995 824 4047 :rt-36
851 4000 879 4045 et
907 3991 943 4044 de
963 3991 1068 4043 destin.
1088 4003 1115 4055 p.
1137 3990 1263 4044 tri-77.
