2872 4666
536 300 776 365 —235-

122 512 227 566 habuit
242 517 272 565 et
287 526 347 564 non
361 511 392 562 vi
405 515 542 564 naturae.
562 509 801 563 Protestantibus
812 510 941 564 obicitur
954 513 1146 565 contrarium.
1158 543 1191 550 —

121 603 147 655 2.
168 600 226 654 Cur
245 600 383 654 catholici
401 606 432 653 et
450 603 651 667 protestantes
669 597 812 668 peccant?
844 599 878 652 In
899 614 957 666 quo
976 600 1190 654 alterutrorum

121 706 204 744 error
222 689 357 742 consistit
375 693 468 757 atque
487 701 565 756 quae
584 692 729 741 recteest
748 685 906 741 doctrina?
942 703 1011 758 pag.
1051 689 1193 744 rat-190

229 779 266 831 ll.
290 778 312 831 I.
332 775 488 846 Sophisma
515 777 594 846 quod
622 778 699 830 russi
728 778 927 831 committunt.
955 808 988 816 -
1014 778 1039 831 2.
1065 779 1192 848 Analysi

122 870 267 924 subicitur
292 869 418 922 obiectio
443 873 547 921 contra
572 867 746 922 catholicos:
775 868 861 921 Russi
882 873 912 921 et
932 869 1074 922 terminos
1092 868 1192 921 catho-

122 959 247 1012 licorum
274 972 327 1010 suo
352 956 475 1010 arbitrio
503 956 686 1024 intelligunt,
712 960 742 1009 et
761 955 928 1010 doctrinam
947 972 1052 1010 eorum
1071 972 1191 1026 perver-

123 1052 200 1115 tunt,
228 1052 258 1100 et
287 1050 398 1098 statum
427 1046 609 1112 quaestionis
637 1045 806 1098 immutant.
834 1074 868 1081 —
896 1044 921 1099 3.
947 1042 1087 1098 Obiciunt
1115 1059 1193 1112 quae

123 1135 245 1189 minime
265 1150 283 1187 a
301 1133 455 1188 catholicis
474 1133 631 1187 docentur:
651 1132 722 1201 quid
742 1133 779 1185 de
799 1133 936 1201 proiectu
962 1135 993 1186 in
1019 1136 1084 1187 vita
1108 1134 1192 1202 spiri-

124 1225 200 1278 tuali
219 1220 368 1278 obiciunt?
394 1222 464 1291 quid
489 1221 527 1274 de
545 1221 661 1290 gratia?
689 1252 720 1261 -
746 1223 771 1275 4.
796 1220 872 1284 Quid
898 1222 936 1275 de
962 1228 1042 1276 statu
1068 1227 1195 1277 naturae

124 1329 217 1382 purae
235 1309 440 1381 exprobrant?
465 1311 543 1364 unde
569 1311 694 1365 obiectio
720 1316 784 1365 orta
803 1310 866 1364 est?
891 1310 1037 1380 quomodo
1056 1312 1194 1368 catholici

124 1403 256 1471 gratiam
276 1417 365 1470 quam
384 1401 564 1454 abstrahunt
582 1405 613 1454 et
633 1400 778 1469 quomodo
800 1416 906 1468 puram
925 1408 1065 1454 naturam
1084 1402 1193 1455 intelli·

125 1489 222 1560 gunt?
230 1490 389 1543 discrimen
400 1489 478 1558 quod
488 1489 568 1542 inter
577 1490 731 1559 integrum
746 1489 940 1568 hominemflet
950 1490 1067 1558 lapsum
1079 1491 1196 1545 ratione

126 1579 316 1648 perfectionis
335 1578 480 1632 naturalis
500 1583 645 1632 statuunt.
666 1609 698 1616 -
718 1579 743 1632 5.
764 1577 926 1647 Conclusio,
947 1593 1014 1647 pag.
1054 1579 1196 1634 190-196

489 1773 751 1828 APPENDIX
779 1774 831 1828 ΠΙ.

306 1899 408 1954 orno
428 1898 588 1954 Hominis
606 1872 661 1955 An
681 1899 864 1954 unriuuu
883 1898 1011 1952 rinnai.

539 2026 611 2094 rag.
638 2026 785 2080 rer-211.

238 2152 258 2206 1.
277 2150 433 2207 Sententia
452 2167 619 2205 russorum:
639 2153 663 2205 1.
682 2151 800 2204 Relatio
815 2151 871 2204 Dei
885 2150 1033 2205 Creatoris
1052 2152 1090 2205 ad
1105 2152 1199 2205 homi-
1289 2214 1292 2222 Ι

130 2256 211 2294 nem:
230 2242 314 2311 ponit
333 2241 434 2302 finem,
454 2241 598 2310 imprimit
623 2241 807 2294 tendentiam
827 2242 865 2294 ad
885 2240 1019 2306 eundem,
1046 2241 1098 2294 dat
1122 2244 1195 2310 apti

129 2330 272 2383 tudinem.
300 2361 333 2368 -
362 2331 386 2383 2.
413 2329 543 2383 Medium
572 2329 609 2383 ad
637 2331 730 2383 finem
759 2333 803 2382 est
832 2330 978 2399 evolutio,
1007 2331 1071 2384 eius
1100 2347 1199 2385 ncces·

131 2421 211 2485 sitas,
230 2434 289 2486 pag
292 2457 1017 2472 .................
1057 2421 1201 2475 iat—198

237 2508 274 2562 ΙΙ.
295 2510 318 2561 1.
339 2509 455 2562 Relatio
469 2508 525 2562 Dei
540 2508 705 2562 Provisoris
719 2508 756 2560 ad
774 2508 936 2561 hominem:
956 2506 1122 2562 Necessitas
1132 2525 1197 2577 pro·

130 2596 218 2650 vidae
246 2598 461 2664 cooperationis
485 2597 523 2650 ad
547 2597 758 2650 evolutionem.
786 2626 818 2634 -
846 2598 871 2649 2.
891 2596 1013 2649 Bonitas
1039 2599 1200 2666 provisoris

131 2685 269 2740 subvenit
287 2685 474 2755 indigentiae
492 2687 627 2754 hominis,
647 2700 714 2754 pag.
790 2726 795 2737 .
834 2727 840 2738 .
878 2726 884 2739 .
924 2725 930 2737 .
967 2727 973 2741 .
1013 2727 1019 2739 .
1058 2687 1202 2742 iae-iob

239 2774 290 2827 III.
311 2773 377 2828 Duo
400 2780 471 2828 sunt
496 2777 549 2844 qui
575 2779 755 2829 concurrunt
781 2775 818 2827 ad
845 2775 1046 2828 evolutionem
1073 2791 1108 2829 ac
1133 2791 1199 2844 pro·

132 2878 281 2932 gressum:
300 2863 381 2917 Deus
401 2872 430 2918 et
450 2866 512 2932 ipse
530 2864 626 2930 homo,
645 2864 752 2917 relatio
770 2863 850 2916 inter
863 2868 1033 2932 utrumque.
1054 2865 1130 2928 Quid
1145 2865 1199 2917 ori-

133 2959 184 3006 tur
203 2968 241 3006 ex
259 2952 314 3005 hoc
333 2952 496 3006 concursu?
514 2968 571 3022 pag
577 2992 1019 3006 ..........
1058 2954 1198 3006 noo-201

240 3042 289 3096 IV.
311 3043 334 3095 1.
353 3041 429 3095 Ordo
448 3043 575 3095 hominis
594 3041 632 3096 ad
652 3043 744 3095 linem
763 3042 903 3096 ultimum
925 3046 969 3094 cst
984 3027 1143 3109 naturalis,
1162 3043 1201 3095 ad

132 3149 169 3187 ea
187 3147 258 3186 vero
278 3136 444 3199 quaesunt
464 3132 501 3184 ad
521 3132 613 3185 finem
632 3147 685 3185 seu
699 3131 736 3184 ad
757 3133 851 3185 finem
871 3131 1003 3185 medium
1023 3138 1199 3201 supernatu-

132 3223 212 3277 ralis.
234 3254 266 3260 -
287 3223 310 3275 2.
330 3220 494 3288 Conclusio,
514 3238 582 3291 pag.
656 3262 1019 3276 .........
1058 3222 1202 3276 201-203

241 3312 276 3364 V.
298 3314 320 3365 1.
336 3312 492 3380 Praecipui
503 3327 616 3366 errores
631 3313 661 3364 in
677 3317 839 3381 systemate
855 3327 1014 3366 russorum.
1027 3343 1059 3349 —
1072 3313 1096 3364 2.
1107 3308 1202 3364 Causa

133 3407 165 3454 et
185 3403 260 3455 ratio
280 3417 421 3455 errorum.
442 3432 475 3439 -
494 3402 519 3455 3.
539 3399 661 3455 Summa
683 3402 791 3454 erroris
811 3407 840 3454 et
860 3416 950 3454 causa
969 3406 1136 3454 ceterorum
1156 3414 1200 3452 er·

133 3507 235 3544 rorum
255 3494 286 3544 in
306 3495 467 3560 systemate
485 3506 646 3558 russorum,
666 3505 734 3558 pag.
789 3529 795 3540 .
835 3529 841 3541 .
880 3530 885 3540 .
925 3531 931 3542 .
970 3531 975 3542 .
1014 3531 1019 3542 .
1059 3489 1204 3543 203-208

242 3581 291 3634 VI.
311 3581 531 3634 Catholicorum
555 3579 689 3633 doctrina
713 3580 749 3633 de
775 3579 887 3648 duplici
906 3579 1017 3633 ordine.
1037 3610 1069 3618 -
1093 3582 1115 3632 1.
1136 3580 1202 3632 Dis·

134 3671 320 3738 tinguendus
338 3675 384 3723 est
402 3670 514 3738 duplex
533 3668 612 3722 orde.
633 3699 665 3707 -
686 3670 710 3722 2.
730 3669 881 3737 Analogia
901 3671 978 3722 inter
998 3669 1132 3723 ordinem
1151 3685 1202 3722 na-

133 3760 264 3814 turalem
283 3765 313 3812 et
333 3760 591 3827 supernaturalem
610 3758 731 3812 doctore
750 3773 772 3810 s.
787 3759 908 3811 Thoma.
925 3789 957 3795 —
973 3759 997 3811 3.
1014 3757 1204 3826 Comparatio

132 3849 294 3917 utriusque
314 3847 434 3913 ordinis,
453 3863 520 3917 pag.
572 3886 1023 3901 ...........
1061 3847 1202 3902 208-211
