2872 4666
600 306 821 371 ‚90-

176 517 264 581 alios
286 517 442 582 hominos
464 518 509 581 ad
531 519 642 583 alium
664 537 710 583 ex
732 519 829 585 hisce
860 520 994 586 duobus
1015 523 1147 587 tinibus
1169 541 1244 588 esse

174 624 368 689 destinatos
400 626 459 689 vel
491 625 639 690 eundem
672 626 845 692 hominem
877 629 978 693 modo
1010 630 1107 694 hunc
1138 630 1243 695 tinem

176 731 276 795 modo
290 732 398 812 illum,
416 744 520 814 prout
537 733 663 814 placet,
684 734 814 815 eligere
830 752 940 816 possa
963 735 1058 800 Finis
1070 737 1242 801 natural'n

176 857 245 903 non
268 845 322 904 est
344 839 410 903 nisi
434 839 688 921 hypotheticus,
711 848 750 903 ut
771 841 934 906 diximus
960 842 1014 907 De
1035 844 1135 907 facto
1156 844 1244 925 tinis,

176 947 224 1011 ad
246 964 350 1030 quem
373 946 448 1011 Deo
479 947 613 1028 placuit
645 965 707 1010 nos
740 965 880 1029 vocare,
916 953 971 1014 est
1000 950 1096 1014 solus
1128 969 1245 1032 super·

176 1054 358 1136 naturalis,
381 1054 442 1136 qui
465 1055 563 1118 nobis
585 1056 745 1118 omnibus
766 1061 820 1119 ost
843 1055 935 1120 idem
956 1061 993 1121 et
1015 1059 1151 1122 unicus.
1180 1057 1246 1125 Sed

176 1180 222 1226 ex
245 1161 357 1225 altera
382 1165 482 1242 parte
500 1161 566 1226 etsi
583 1161 627 1225 de
639 1163 734 1225 facto
747 1167 865 1227 noster
882 1163 964 1227 tinis
976 1165 1114 1228 nonnisi
1128 1183 1248 1247 super·

177 1268 348 1332 naturalis
371 1269 425 1349 sit,
452 1276 569 1333 tamen
602 1286 671 1331 non
703 1269 785 1334 licet
815 1287 897 1333 eum
928 1271 1142 1336 contundere
1166 1291 1249 1337 cum

178 1376 257 1458 tine,
289 1393 392 1458 quem
426 1380 556 1438 natura
587 1375 734 1439 hominis
766 1375 801 1438 in
824 1395 863 1441 se
885 1376 1107 1442 considerata
1129 1379 1251 1462 exigit,

177 1483 237 1566 qui
270 1492 419 1547 naturae
452 1482 628 1546 humanae
660 1488 697 1546 ut
731 1487 880 1548 naturae
908 1484 1054 1549 debetur
1076 1486 1116 1548 vi
1137 1486 1252 1568 ipsius

177 1591 363 1656 creationis
376 1590 404 1668 ¹)

285 1697 388 1762 Russi
410 1715 496 1762 vero
518 1698 617 1761 nulla
639 1700 735 1761 tacta
768 1698 958 1763 attentione
989 1699 1139 1762 alteram
1174 1717 1253 1764 esse

178 1805 436 1887 beatitudinem,
464 1822 556 1886 quae
574 1804 704 1869 homini
722 1805 759 1869 vi
777 1810 884 1887 atque
902 1806 1078 1888 exigentia
1097 1810 1254 1870 naturae

178 1912 351 1993 competit,
374 1916 409 1976 et
427 1913 576 1977 alteram
594 1912 640 1976 ad
658 1929 765 1994 quam
784 1912 1026 1994 possidendam
1041 1912 1137 1977 Deus
1152 1930 1254 1978 mere

178 2037 224 2084 ex
255 2037 320 2082 sua
351 2018 592 2083 benevolentia
624 2019 797 2084 hominem
834 2019 978 2083 vocavit
1013 2019 1255 2102 elevavitque,

178 2145 270 2210 quae
298 2126 402 2207 plane
433 2144 541 2207 supra
574 2127 648 2190 eius
680 2131 829 2191 naturae
864 2126 1095 2190 conditionem
1117 2134 1185 2207 est,
1210 2164 1253 2172 —

179 2235 412 2299 confuderunt
446 2234 554 2298 finem
590 2233 737 2297 hominis
774 2233 972 2297 naturalem
1008 2250 1091 2297 cum
1128 2252 1253 2317 super·

179 2341 343 2406 naturali.

285 2449 340 2513 Ex
371 2466 443 2531 qua
474 2448 674 2514 confusione
706 2450 795 2514 haec
826 2449 916 2512 mira
948 2466 1039 2530 quae
1066 2448 1103 2510 in
1125 2467 1254 2513 eorum

179 2557 339 2620 doctrina
357 2556 570 2637 conspicitur
585 2556 869 2639 inconsequentia
888 2561 1010 2620 secuta
1028 2558 1089 2633 est,
1108 2558 1150 2618 ut
1168 2555 1255 2620 finis

124 2742 126 2746 Ι
180 2664 322 2728 ultimus
354 2681 421 2726 non
455 2667 604 2744 ponatur
637 2681 744 2744 supra
776 2668 941 2727 naturam
965 2661 1112 2725 hominis
1134 2680 1256 2745 neque

179 2789 287 2852 supra
319 2770 518 2834 naturalem
550 2770 626 2848 eJus
648 2770 892 2852 capacitatem,
923 2769 1154 2850 aptitudinem
1189 2787 1256 2833 seu

179 2879 428 2943 sufficientiam
450 2881 499 2956 (ut
522 2877 613 2940 intra
637 2877 849 2957 videbimus),
883 2881 920 2940 ut
952 2876 981 2939 is
1009 2874 1256 2940 consideretur

180 2992 362 3068 tamquam
395 2986 496 3048 unice
528 2985 658 3048 homini
690 3002 865 3066 congruus
897 2988 932 3048 et
955 2983 1255 3065 proportionatum

180 3093 260 3157 finis
293 3111 378 3157 vero
412 3092 544 3156 medius
570 3092 787 3156 -evolutio
820 3091 954 3156 scilicet
976 3095 1011 3154 et
1034 3107 1256 3174 progressus,

182 3201 255 3265 sine
281 3201 406 3283 quibus
430 3199 511 3262 finis
535 3198 677 3262 ultimus
704 3199 828 3281 attingi
847 3201 1006 3281 nequeat,
1028 3199 1194 3261 econtra
1215 3205 1257 3261 ut

181 3314 330 3395 ponatur
355 3324 462 3388 supra
485 3306 665 3370 naturales
688 3305 836 3369 hominis
859 3306 953 3369 vires
981 3303 1047 3367 sibi
1069 3303 1151 3367 solis
1176 3305 1256 3370 sine

180 3413 295 3497 gratia
327 3413 477 3494 relictae,
510 3417 549 3475 ut
577 3412 813 3477 consideretur
838 3416 1007 3493 tanquam
1030 3409 1169 3492 penitus
1193 3427 1255 3476 ca-

181 3520 369 3602 pacitatem
393 3524 541 3584 naturae
563 3520 744 3585 excedens,
776 3516 853 3597 Quo
876 3519 925 3599 lit,
949 3522 987 3582 ut
1010 3519 1045 3580 in
1068 3535 1257 3584 russorum

292 3789 312 3852 ¹)
330 3785 484 3840 Praeclare
509 3793 540 3840 et
565 3789 630 3840 tuse
656 3787 693 3838 de
719 3787 781 3839 fine
806 3787 936 3839 naturali
962 3791 991 3839 et
1015 3787 1257 3853 supernaturali:

183 3876 343 3943 Kloutgcn.
362 3875 523 3943 Theologie
542 3876 595 3928 der
614 3876 734 3929 Vorzeit
753 3879 772 3928 t.
794 3874 830 3928 ll.
851 3875 993 3943 Miinstor,
1014 3874 1091 3928 1854.
1112 3873 1191 3929 Abh.
1213 3875 1257 3930 Vl

181 3979 204 4017 c.
215 3966 241 4031 5,
251 3980 279 4017 n.
296 3965 320 4031 1,
335 3980 361 4032 p.
379 3964 429 4017 195
449 3979 503 4032 sq,
519 3995 552 4002 -
567 3962 726 4017 Soheeben.
737 3963 832 4038 Natur
846 3965 908 4017 und
924 3963 1036 4018 Gnade.
1055 3961 1163 4031 Mainz,
1176 3965 1257 4019 1861.
