2872 4666
568 81 809 148 -150-

160 278 309 359 novisse,
341 278 424 361 quid
457 279 584 341 bonum
612 283 647 340 et
668 276 752 359 quid
784 277 916 341 malum
948 284 1047 343 esset
1089 278 1234 343 Etenim

159 384 283 449 saltem
302 385 336 447 id
355 402 435 448 cum
457 383 611 448 Macaria
630 383 882 449 admittendum
899 389 952 449 est
974 384 1235 451 «conscientiae

160 491 264 574 primi
301 491 448 555 hominis
484 496 592 554 totam
630 491 740 572 legem
773 492 940 556 moralem
975 493 1094 575 aliquo
1131 495 1235 559 modo

160 601 365 681 impressam
388 616 481 662 esse»
498 597 527 676 l).

267 706 299 785 4)
321 705 416 769 Deus
449 706 604 786 permisit
628 705 765 786 homini,
790 712 827 769 ut
849 723 895 771 ex
917 707 1009 771 omni
1032 708 1103 771 alio
1128 725 1234 789 para·

160 812 224 875 disi
243 811 336 893 ligno
355 812 551 876 comederet
573 810 710 891 (deul,
728 813 787 892 16).
819 809 919 892 Quod
937 813 1064 877 iterum
1082 816 1237 879 maximi

160 923 237 982 erat
260 919 423 983 momenti
447 937 515 982 non
539 918 649 982 solum
682 925 853 1001 quantum
885 919 930 982 ad
958 920 1149 1002 physicum
1172 923 1236 987 sed

161 1025 266 1089 etiam
290 1031 460 1108 quantum
493 1025 538 1088 ad
571 1026 786 1108 spiritualem
818 1028 1054 1111 moralemque
1080 1028 1263 1094 hominis*

164 1133 366 1213 profectum.
391 1132 527 1196 Harum
550 1133 642 1196 enim
665 1134 830 1197 arborum
855 1151 947 1216 usus,
978 1151 1060 1198 oum
1093 1138 1235 1218 corpori

163 1257 286 1303 sanam
318 1246 354 1304 et
391 1241 517 1303 bonam
554 1241 738 1322 praeberet
778 1258 905 1321 escam,
946 1241 1094 1305 hominis
1137 1243 1236 1308 vires

162 1347 359 1410 renovabat
395 1350 429 1410 ct
466 1348 693 1411 confortabat.
739 1346 885 1427 Vigente
926 1352 1044 1413 autem
1084 1366 1235 1432 corpore

163 1456 198 1517 et
222 1452 340 1515 anima
364 1454 490 1534 optime
523 1472 559 1519 se
592 1454 726 1535 habuit;
764 1454 890 1519 etenim
926 1455 1053 1535 optime
1085 1472 1235 1537 corpore

163 1568 337 1643 tanquam
369 1561 598 1626 instrumento
630 1570 664 1626 et
696 1562 806 1626 medio
838 1561 884 1624 ad
911 1579 1012 1624 suum
1035 1564 1232 1645 proiectum

164 1666 213 1728 uti
237 1668 348 1747 potuit
359 1665 389 1746 ²).

270 1771 336 1837 Sed
361 1774 535 1838 maximus
559 1774 659 1838 valor
691 1774 784 1856 ligno
820 1773 916 1840 vitae
947 1772 1040 1851 (Gen.
1065 1776 1096 1856 2,
1120 1774 1153 1855 9)
1175 1774 1235 1838 tri·

163 1879 289 1960 buitur,
312 1881 403 1962 quod
427 1898 449 1944 a
473 1882 629 1962 pluribus
654 1882 763 1946 veluti
782 1881 917 1946 canalis
935 1881 1071 1964 gratiae
1090 1882 1236 1948 divinae

163 1987 404 2051 consideratur
428 1989 464 2052 vi
487 1989 587 2053 cuius
610 1990 711 2053 homo
735 1989 845 2070 potuit
866 2007 935 2052 non
959 1988 1054 2052 mori.

272 2091 432 2159 Ceterum
466 2097 621 2178 quaestio
653 2096 696 2160 de
719 2095 989 2160 immortalitatis
1012 2095 1101 2159 douo
1128 2096 1236 2161 valde

163 2201 328 2265 intricata
347 2207 400 2266 est
418 2204 512 2283 apud
527 2221 644 2267 russos
662 2204 845 2285 theologos,
861 2203 1068 2267 Praesertim
1088 2202 1235 2268 difficile

165 2309 306 2391 cognitu
325 2315 385 2390 est,
404 2310 486 2391 quid
506 2314 654 2375 naturae
672 2311 819 2373 hominis
837 2311 873 2373 in
892 2310 960 2374 hac
978 2327 1026 2390 re,
1044 2309 1129 2393 quid
1149 2327 1234 2375 vero

166 2413 230 2479 Dei
254 2416 389 2496 providi
413 2435 521 2481 curae
545 2417 767 2495 tribuantl³l
809 2415 844 2481 Si
878 2406 995 2480 tamen
1018 2418 1131 2480 totum
1159 2433 1233 2480 rus-
1294 2457 1326 2466 -
1349 2446 1380 2486 .·-

165 2539 280 2585 sorum
322 2529 477 2603 systema
521 2542 604 2605 prae
650 2524 758 2588 oculis
805 2524 977 2589 habeatur
1022 2522 1233 2606 simulatque
1280 2546 1373 2596 ee

165 2629 289 2710 omnia,
322 2647 413 2711 quae
445 2631 510 2710 ipsi
534 2631 590 2694 hic
615 2632 685 2695 illic
714 2630 863 2712 sparsim
886 2631 928 2694 de
951 2630 1080 2694 haere
1104 2629 1232 2711 dicunt,
1264 2640 1367 2719 (εἰ,

166 2735 270 2798 simul
294 2734 641 2817 comprehendantur,
669 2754 788 2800 eorum
812 2736 971 2802 doctriua
995 2735 1232 2800 videturesse
1255 2755 1363 2803 Se

165 3012 231 3059 sent
245 3004 470 3075 experientiam,
486 3005 575 3071 plane
588 3005 618 3056 id
634 3003 804 3071 intelligere
814 3018 874 3056 non
883 3005 1034 3070 poterant3
1054 3005 1302 3071 quapropter-:t
1314 3016 1357 3054 er

166 3096 253 3150 facile
272 3098 329 3150 fuit
348 3097 482 3163 maligno
503 3095 628 3165 spiritui,
648 3098 682 3146 ut
696 3093 789 3145 Evam
805 3091 974 3145 seduceret»
993 3091 1058 3160 (le
1069 3105 1097 3159 p.
1107 3089 1249 3155 56—5‘1)-
1262 3088 1310 3153 (
1332 3087 1355 3152 Ι).

166 3181 254 3238 Cuius
278 3186 431 3239 doctrinae
460 3185 550 3237 ctiam
576 3183 656 3252 apud
683 3182 755 3234 alios
780 3181 890 3234 indicia
913 3179 1059 3249 quaedam
1077 3182 1246 3245 oecurmtz
1285 3179 1355 3243 εἰς

167 3273 226 3325 vid.
246 3274 385 3338 dederent,
406 3276 453 3326 Au.
474 3273 602 3342 nporoiep.
621 3273 754 3325 Paeanem
767 3288 800 3323 aa
813 3269 908 3338 yueuin
921 3286 936 3323 o
950 3268 1046 3338 IIpeoa.
1064 3267 1151 3335 iliad»
1165 3268 1249 3337 Bap-
1268 3279 1355 3331 q>-

167 3377 249 3414 tuaua.
270 3364 347 3431 1881,
367 3379 394 3431 p.
416 3363 480 3416 16οι
504 3379 571 3415 ‹orn›
589 3378 642 3421 erue
660 3379 692 3413 ue
710 3361 893 3428 uouoaplsaaua
905 3375 966 3412 aua»
979 3388 1013 3397 -
1025 3356 1355 3411 «illenondunrnr

168 3452 372 3519 suspicabatur
390 3453 534 3519 mulum»;
553 3451 628 3504 coni.
649 3466 726 3519 quae
745 3465 842 3517 supra,
861 3464 888 3517 p.
910 3446 1059 3502 130-133.

277 3543 296 3607 1)
314 3541 444 3608 llarapin.
467 3540 627 3592 Boroeroaie.
643 3539 664 3607 Ι,
685 3543 700 3602 ἓ
719 3539 761 3607 86,
781 3554 808 3606 p.
828 3538 889 3592 473.

276 3631 295 3693 ²)
313 3629 487 3698 Camacmpa,
503 3645 547 3697 op.
563 3645 586 3681 a.
605 3628 657 3696 ΙΙΙ,
677 3632 692 3691 5
711 3628 754 3694 56,
773 3643 801 3695 p.
821 3627 971 3701 4055406.

276 3722 296 3784 8)
315 3718 390 3772 Vide
410 3734 486 3786 quae
505 3718 700 3786 praecedendi
720 3717 817 3785 capite
836 3716 975 3785 diximus,
994 3732 1021 3785 p.
1043 3715 1190 3769 113-115.
