2872 4666
620 357 836 424 „55-

166 568 295 632 ‘litudo
308 567 336 647 ¹)
362 605 400 613 -
414 567 568 651 «Imago
600 568 731 640 divina,
762 569 874 653 inquit
908 571 1073 655 Svietlov,
1105 578 1158 640 est
1192 574 1256 640 Dei

176 675 398 758 assimilatio,
421 694 512 758 quae
535 677 599 758 ipsi
622 677 762 742 animae
785 680 933 743 naturae
951 683 1006 744 est
1022 680 1133 745 indita
1151 686 1257 765 atque

176 783 340 867 quinque
353 783 595 849 essentialibus
614 784 688 849 eius
703 785 972 867 proprietatibus
991 793 1140 870 constat;
1165 789 1265 873 simi-¹

174 890 340 965 litudinis
359 908 444 955 vero
458 891 595 956 nomine
609 891 813 974 intelligitur
827 893 1039 977 assimilatis,
1058 913 1166 978 quam
1180 896 1252 978 ipse

181 999 287 1063 homo
320 997 471 1080 acquirit
502 999 698 1064 exercendo
730 1002 766 1065 et
797 1000 1007 1082 perficiendo
1041 1020 1124 1067 suas
1161 1003 1255 1068 vires

295 1233 314 1294 ¹)
333 1229 463 1298 Manapiil.
491 1229 627 1282 Boroaroa.
653 1229 675 1296 Ι,
704 1234 719 1294 ᾖ
744 1230 786 1298 82,
813 1247 840 1299 p.
859 1231 1015 1299 456-457;
1044 1263 1077 1270 -
1108 1231 1251 1298 Cannaene,

176 1337 230 1389 op.
251 1335 274 1372 c.
294 1320 315 1386 Ι,
336 1320 409 1387 ξ26,
428 1335 456 1387 p.
475 1319 630 1384 301-3023
651 1349 684 1356 -
698 1316 849 1372 Masanone.
868 1320 1050 1387 Pynosoncrno
1068 1336 1104 1373 nn
1122 1323 1255 1389 nayseniro

176 1411 270 1478 IIpaa.
289 1409 386 1478 Xpuer.
406 1409 496 1478 Bispnr.
516 1408 581 1467 Han.
601 1409 626 1461 6.
645 1408 768 1461 Hoarena
788 1409 865 1477 1898,
886 1414 901 1473 ἓ
921 1409 963 1477 29,
984 1427 1012 1479 p.
1032 1411 1066 1465 53
1085 1411 1199 1478 adnot.;
1220 1442 1253 1451 -

179 1501 331 1568 Hierone,
362 1515 406 1568 cp.
434 1515 458 1553 e.
486 1502 501 1563 ᾖ
527 1499 570 1564 36,
597 1515 623 1566 p.
643 1499 691 1565 693
720 1528 750 1536 -
778 1497 952 1568 Carissanum,
980 1516 1025 1570 op.
1045 1516 1068 1553 c.
1093 1501 1146 1566 III,
1172 1506 1188 1567 ξ
1212 1502 1256 1570 44,

181 1608 211 1660 p.
231 1589 386 1656 280-283;
412 1619 444 1627 -
468 1588 646 1651 Tnxauecniil,
674 1604 720 1657 op.
745 1603 768 1642 c.
794 1589 831 1654 ΙΙ,
857 1606 912 1642 nra.
933 1591 958 1657 8,
983 1606 1010 1658 p.
1030 1591 1136 1646 94-95
1164 1594 1255 1646 ceteri

178 1693 303 1750 quoque
328 1679 394 1748 plus
421 1679 470 1731 vel
495 1678 593 1732 minus
620 1679 670 1747 qui
696 1679 774 1732 inter
793 1680 957 1748 imaginem
978 1686 1007 1734 et
1028 1681 1254 1736 similitudinem

178 1768 561 1837 distinguunt-Eiusdem
581 1769 747 1822 sententiae
766 1769 869 1836 graeci
888 1784 1006 1838 quoque
1025 1785 1088 1825 esse
1107 1771 1255 1826 videntur.

180 1857 251 1912 Vid.
278 1856 346 1925 Ges,
374 1858 416 1912 W.
444 1857 494 1910 Dr.
518 1855 672 1926 Symbolik
699 1857 753 1911 der
778 1858 984 1926 griechischen
1005 1859 1122 1914 Kirche.
1143 1861 1252 1923 Berlin,

184 1948 263 2015 1872,
285 1952 300 2011 ἓ
320 1948 362 2014 51,
382 1963 408 2015 p.
430 1947 583 2014 iot-lan
603 1947 731 2017 Δαμαλας.
751 1948 811 2016 Περι
831 1946 937 2018 ’.Ιρχων,
957 1966 984 2017 p.
1005 1949 1119 2004 67-68.

292 2037 400 2090 Eorum
429 2051 501 2089 vero
530 2038 578 2105 qui
608 2051 668 2089 non
696 2035 887 2105 distinguunt
920 2038 999 2091 inter
1032 2041 1195 2108 imaginem
1226 2046 1256 2094 et

178 2126 410 2201 similitudinem
438 2126 487 2194 (ad
514 2141 602 2194 quarn
629 2127 752 2180 classem
778 2128 964 2194 potissimum
992 2129 1019 2181 ei
1039 2130 1090 2198 qui
1108 2127 1255 2186 Catechls-

177 2234 266 2270 mum
286 2224 451 2284 sequuntur
469 2218 630 2286 pertinent)
648 2218 797 2271 sententia
821 2233 880 2271 non
908 2225 953 2272 est
979 2235 1053 2287 una3
1080 2221 1130 2274 sed
1158 2239 1255 2292 neque

180 2313 247 2360 tarn
272 2313 386 2359 certum
414 2313 468 2374 est,
496 2306 567 2375 quid
593 2307 719 2375 quisque
743 2322 844 2360 eorum
872 2308 1004 2362 sentiat?
1026 2311 1142 2379 -lpse
1168 2312 1252 2367 Cate-

176 2397 313 2450 chismus
332 2396 370 2448 ad
390 2396 602 2464 quaestionem,
622 2397 652 2448 in
673 2411 801 2464 quonam
820 2397 921 2465 imago
941 2397 996 2453 Dei
1015 2400 1183 2454 consistat?
1208 2418 1255 2456 re·

181 2486 301 2556 spodet:
333 2485 391 2538 «Ea
417 2486 552 2540 consistit
580 2501 601 2538 s.
627 2485 719 2538 Paulo
752 2486 935 2554 explicante:
968 2489 1005 2541 in
1039 2489 1199 2544 iustitia
1219 2498 1256 2545 et

177 2577 409 2629 sanctitate
428 2577 631 2629 veritatis»
652 2575 733 2645 (Eph.
752 2575 778 2642 l,
798 2575 849 2642 24).
882 2576 1055 2631 liamxnsnea
1079 2597 1131 2632 ncr.
1156 2580 1177 2644 l,
1204 2584 1254 2635 ol

180 2681 223 2718 tnr.
244 2680 270 2732 p.
290 2665 331 2718 23.
352 2663 427 2727 Quid
446 2664 676 2732 intelligendum
696 2670 740 2718 est
759 2664 839 2718 hisce
857 2665 975 2719 verbis?
994 2665 1024 2721 Si
1040 2668 1131 2737 ipsius
1151 2676 1250 2723 aucto·

180 2754 224 2807 ris
244 2754 331 2807 huius
345 2751 522 2807 Catechismi
537 2753 705 2814 Philaretla
720 2758 843 2822 metrop.
860 2754 984 2809 Moscov.
1000 2758 1149 2810 sententia
1164 2773 1251 2826 quae·

179 2851 276 2910 ratur,
296 2843 321 2896 is
340 2844 503 2911 imaginem
523 2843 578 2896 Dei
598 2845 695 2913 ponit:
715 2846 745 2910 a)
763 2850 794 2898 in
810 2846 939 2898 essentia
954 2847 1080 2913 animae,
1099 2847 1130 2913 b)
1143 2847 1174 2900 in
1189 2849 1253 2901 eius

182 2933 387 3000 facultatibus,
403 2934 430 2998 c)
441 2933 487 2985 «in
504 2933 620 2987 iustitia
634 2940 664 2987 et
679 2935 839 2988 sanctitate
853 2934 1017 3003 veritatis»,
1033 2936 1140 3003 quibus
1154 2939 1252 2991 verbis

178 3025 342 3092 intelligit:
368 3039 486 3078 «veram
505 3025 717 3092 perfectionem
745 3026 944 3094 spiritualium
971 3026 1090 3094 virium,
1119 3043 1196 3095 quae
1222 3029 1253 3080 in

183 3113 280 3166 Deum
316 3119 384 3167 sunt
403 3114 550 3185 'intentae
579 3115 617 3167 ab
646 3114 746 3182 quue
774 3117 999 3183 impressionem
1027 3117 1093 3169 veri
1120 3122 1150 3169 et
1182 3116 1253 3170 boni

177 3203 351 3271 accipiunt»
372 3218 424 3256 seu
446 3203 712 3272 ‹resplendentiam
732 3203 853 3257 divinae
873 3205 1009 3258 veritatis
1028 3211 1058 3258 et
1082 3205 1250 3259 bonitatis».

178 3293 343 3361 Poponnono,
364 3308 408 3362 op.
428 3310 451 3347 c.
471 3311 497 3362 p.
518 3293 632 3348 84-87.
669 3293 776 3361 Itaque
801 3299 903 3348 utrum
931 3295 1104 3362 Philaretes‚
1131 3303 1253 3363 ergoet

181 3382 393 3446 Cateehismus‚
414 3385 532 3436 nomine
552 3384 693 3451 imaginis
712 3384 803 3436 etiam
825 3383 939 3451 aliquid
960 3385 1188 3452 supernaturale
1209 3386 1253 3437 in-

178 3473 303 3540 telligat
322 3487 376 3526 nec
395 3471 450 3525 ne?
469 3473 587 3541 quodsi
606 3473 650 3525 ita
669 3473 714 3540 sit,
735 3473 805 3540 quid
826 3473 879 3526 sibi
907 3473 981 3527 illud
1008 3473 1081 3527 velit
1108 3478 1137 3526 et
1164 3474 1252 3542 quale

177 3560 239 3615 sit?
265 3563 411 3614 incertum
436 3568 544 3615 manet.
572 3591 604 3600 -
632 3562 795 3616 Philaretes
822 3577 892 3615 vero
918 3543 1171 3630 &ernigoviensia
1201 3564 1252 3632 qui

177 3649 401 3706 catechismum
434 3651 575 3719 sequitur,
609 3651 652 3704 ita
683 3651 747 3705 eius
779 3651 872 3705 verba
900 3651 1030 3719 exponit,
1064 3658 1097 3704 ut
1129 3653 1250 3706 nomine

178 3739 342 3806 δικαιοσύνης
372 3746 498 3794 «statum
527 3742 645 3794 animae
674 3755 751 3809 quae
776 3756 795 3793 a
821 3746 942 3809 peccato
973 3740 1066 3794 libera
1093 3746 1136 3794 cst
1156 3755 1253 3809 neque

181 3831 259 3884 bono
278 3830 384 3883 morali
403 3830 545 3897 obsistit»,
572 3845 644 3898 ergo
669 3830 880 3898 perfectionem
905 3845 985 3883 mere
1011 3830 1188 3897 negativam
1207 3831 1251 3883 in·

183 3921 314 3988 telligat3
334 3921 544 3972 nominavero
565 3920 693 3985 ὁσιότητος
715 3921 891 3988 «positivam
918 3920 1157 3974 conformitatem
1183 3935 1251 3973 cum

182 4008 250 4078 lege
269 4025 320 4064 seu
341 4008 525 4063 rectudinem
544 4012 729 4077 (npaeeneocrn
751 4039 781 4047 -
801 4009 958 4076 iustitia)»;
978 4014 1071 4077 atque
1091 4008 1170 4060 hisce
1185 4023 1254 4061 con-
