2872 4666
585 76 823 141 -196-

173 289 259 354 nihil
291 289 325 352 in
360 287 470 370 primo
499 288 636 353 homine
667 289 884 372 relinquitur,
915 308 985 373 quo
1008 290 1249 356 essentialiter

172 414 194 461 a
218 396 355 460 homine
378 395 475 477 lapso
499 395 639 459 diiierat
661 399 810 477 excepta
834 396 975 460 macula
999 398 1152 479 peccati;
1176 416 1247 462 non

171 503 380 587 relinquitur
402 502 493 567 enim
519 502 583 566 nisi
606 507 736 566 natura
759 520 858 584 pura.

279 610 640 675 Animadvertendum
676 612 793 674 tamen
830 615 883 675 est
923 611 1124 701 catholicos,
1163 630 1249 676 cum

172 719 265 782 hanc
298 717 593 799 comparationem
625 717 817 801 instituant,
850 736 918 782 non
952 718 1141 801 procedere
1179 720 1249 784 nisi

172 825 398 890 discurrendo
421 842 465 888 ac
489 824 697 906 cogitatione
720 826 969 908 abstrahend03
1001 845 1071 890 non
1094 844 1245 891 versan-

172 940 229 997 tur
253 933 357 1014 igitur
380 932 446 996 nisi
469 931 504 995 in
528 932 647 998 ordine
670 932 789 1014 logico
813 932 867 997 Ex
880 951 949 1016 quo
967 937 1085 998 autem
1100 934 1250 998 minime

172 1041 254 1105 licet
277 1039 452 1105 transilire
471 1040 516 1103 ad
535 1039 690 1104 ordinem
714 1041 955 1124 ontologicum,
977 1042 1110 1107 realem
1136 1045 1248 1125 atque

171 1148 360 1228 affirmare,
394 1151 432 1210 ut
464 1147 554 1209 russi
577 1146 721 1228 iaciunt,
754 1147 942 1211 catholicos
974 1148 1086 1213 veluti
1117 1149 1248 1214 dooere

171 1253 322 1335 primum
345 1252 518 1317 hominem
543 1253 778 1318 abstractione
810 1253 908 1318 iacta
940 1272 962 1317 a
994 1255 1111 1338 gratia
1136 1256 1248 1320 luisse

172 1361 207 1424 in
226 1363 320 1424 statu
339 1364 488 1423 naturae
506 1376 625 1441 purae,
639 1359 699 1443 qui
713 1378 781 1423 non
796 1359 952 1426 diiierret
965 1379 987 1424 a
1003 1365 1119 1426 nostro
1134 1366 1246 1442 statu;

171 1467 334 1532 habuisse
357 1471 491 1531 nostros
516 1467 671 1532 deiectus
695 1471 759 1532 etc.

141 1661 143 1664 ι
278 1572 378 1655 Quod
401 1574 542 1638 minime
560 1592 685 1638 verum
704 1576 764 1640 est.
788 1573 1046 1639 Catholicorum
1066 1576 1243 1640 sententia

172 1683 271 1746 homo
294 1700 475 1764 nunquam
498 1681 564 1744 suit
587 1682 621 1745 in
646 1681 742 1761 puris
765 1682 999 1762 naturalibus3
1032 1685 1148 1746 status
1181 1700 1243 1746 na·

172 1793 272 1854 turae
296 1806 405 1870 purae
428 1790 587 1854 delacio
610 1807 791 1871 nunquam
823 1789 964 1854 exstitit.
1011 1788 1045 1854 Is
1069 1808 1138 1853 non
1163 1808 1243 1855 con·

171 1897 344 1962 sideratur
368 1914 390 1959 a
414 1897 595 1961 catholicis
619 1897 684 1960 nisi
707 1899 747 1960 ut
771 1897 941 1978 possibilis
975 1897 1007 1961 h.
1030 1916 1059 1962 e.
1091 1896 1122 1960 si
1146 1897 1242 1962 Deus

171 2005 330 2087 voluerit,
364 2005 514 2086 potuerit
546 2005 719 2070 hominem
752 2005 803 2068 sic
835 2006 1006 2070 affectum
1030 2007 1139 2088 atque
1162 2025 1242 2072 con·

171 2114 329 2176 stitutum
354 2129 540 2194 procreare
562 2118 668 2194 atque
692 2113 727 2175 in
751 2113 817 2176 hoo
840 2114 934 2176 statu
959 2112 1168 2195 relinquere.

277 2218 311 2285 Si
335 2238 420 2283 vero
444 2238 485 2284 ea
509 2237 600 2301 quae
632 2219 758 2283 dicitur
789 2223 919 2283 natura
943 2237 1031 2301 pura
1056 2225 1095 2283 ut
1119 2238 1243 2284 norma

172 2330 330 2393 sumatur
367 2327 412 2390 ad
446 2327 719 2407 comparandam
757 2327 1003 2410 perfectionem
1041 2327 1241 2393 naturalem

171 2435 317 2499 hominis
341 2434 466 2516 integri
490 2437 525 2499 et
548 2435 695 2498 hominis
719 2434 816 2516 lapsi,
850 2435 1021 2499 sententia
1054 2434 1241 2499 catholico·

170 2560 250 2606 rum
269 2542 357 2606 haec
375 2545 429 2607 est
447 2542 537 2606 inter
557 2548 743 2624 utrumque
765 2541 902 2622 relatio;
926 2542 961 2604 in
982 2545 1130 2624 utroque
1153 2542 1242 2606 inest

171 2667 281 2731 aeque
304 2653 432 2711 natura
457 2665 553 2730 pura,
582 2649 641 2712 sed
674 2649 709 2711 in
742 2649 879 2713 homine
911 2648 1045 2729 integro
1068 2648 1158 2713 haec
1182 2666 1240 2712 na·

171 2761 252 2820 tura
275 2759 352 2820 erat
375 2756 516 2837 insuper
538 2759 647 2819 aucta
670 2755 767 2819 donis
791 2755 1167 2837 praeternaturalibus:
1192 2756 1241 2818 in·

172 2863 351 2946 tegritatis‚
375 2863 654 2945 immortalitatis,
678 2863 966 2943 impassibilitatis
989 2867 1064 2943 etc,
1087 2862 1242 2944 inlapsu

172 2989 256 3037 vero
288 2971 376 3035 haec
408 2971 528 3035 eadem
558 2976 686 3034 natura
710 2976 763 3035 est
785 2970 891 3036 etiam
914 2969 1103 3036 debilitata.
1149 2970 1242 3054 Ergo

171 3078 301 3156 videus,
334 3083 505 3160 quantum
529 3077 700 3142 sententia
733 3076 985 3141 catholicorum
1009 3076 1159 3141 conditio
1184 3077 1241 3141 ho·

171 3186 273 3248 minis
306 3187 394 3266 lapsi
427 3185 575 3251 deterior
599 3187 643 3248 sit
666 3185 800 3250 ratione
823 3184 1043 3266 perfectionis
1066 3185 1242 3249 naturalis

172 3292 365 3356 conditione
388 3292 535 3355 hominis
558 3291 696 3374 integri!

279 3399 308 3464 5.
333 3400 422 3480 Ergo
441 3400 570 3463 falsum
589 3403 641 3464 est
660 3398 849 3462 catholicos
869 3398 1003 3464 ratione
1023 3398 1243 3463 naturalium

173 3505 306 3567 nullum
331 3506 516 3569 discrimen
540 3524 666 3586 ponere
694 3505 783 3570 inter
807 3505 981 3570 hominem
1004 3506 1185 3586 integrum
1210 3516 1245 3573 et

173 3612 318 3695 lapsum,
342 3613 497 3676 deiectus
517 3614 619 3675 huius
643 3614 834 3677 transferre
867 3613 902 3674 in
935 3613 1034 3675 illum
1057 3614 1168 3694 atque
1194 3613 1244 3678 in-

173 3719 287 3784 cidere
311 3721 345 3782 in
370 3720 667 3801 pelagianismum.
