2872 4666
620 337 863 403 -208-

203 553 379 639 naturale.
403 551 623 634 Quapropter
646 553 736 616 dona
762 550 945 630 Creatoris,
969 552 1055 635 quia
1072 552 1200 617 omnia
1226 572 1292 636 pu·

209 665 330 725 tantur
362 659 562 724 necessaria
594 676 670 724 esse
702 659 748 722 ad
781 660 1059 723 constituendam
1091 660 1291 740 imaginem

208 767 243 831 in
267 770 338 831 toto
361 767 542 848 splendore
565 772 600 831 et
623 766 833 848 integritate,
867 766 1134 831 considerantur
1160 772 1201 831 ut
1225 785 1292 831 na·

209 881 303 955 tura;
327 873 459 956 pariter
482 877 587 956 atque
611 875 843 955 conservatio,
867 891 1081 956 quamquam
1106 873 1182 939 Deo
1207 892 1291 956 pro·

206 982 342 1046 videnti
360 981 581 1063 adscribitur,
606 999 673 1045 non
694 981 842 1046 habetur
862 999 925 1063 pro
943 982 1067 1064 gratia,
1090 982 1176 1064 quia
1196 982 1291 1046 nihil

209 1089 291 1152 novi
315 1090 421 1152 affert
443 1088 489 1152 ud
513 1088 710 1171 imaginem,
743 1088 803 1152 sed
836 1106 915 1153 eam
947 1092 1121 1153 sustentat
1153 1089 1290 1160 solum·

209 1196 321 1259 modo:
339 1194 539 1275 -provida
557 1200 676 1260 autern
691 1195 757 1259 Dei
771 1195 967 1276 cooperatio
986 1194 1057 1258 iam
1080 1196 1287 1277 concipitur

205 1308 248 1366 'ut
270 1303 386 1383 gratia
409 1308 444 1366 et
467 1303 754 1385 supernaturalia,
783 1302 866 1386 quia
890 1302 935 1366 ad
959 1302 1155 1385 imaginem,
1190 1322 1288 1386 quae

208 1410 244 1473 in
268 1412 341 1473 tota
364 1427 429 1473 sua
453 1410 663 1490 perfectione
680 1415 715 1474 et
730 1409 911 1492 splendore
930 1413 991 1491 est,
1014 1414 1118 1474 extra
1138 1410 1288 1474 'accedit

106 1524 108 1528 ‘
203 1522 243 1581 et
266 1516 397 1599 aliquid
420 1517 533 1598 affert,
565 1534 633 1599 quo
657 1518 744 1581 haec
768 1517 882 1599 imago
905 1516 1033 1600 evolvi,
1057 1517 1180 1600 excoli,
1204 1534 1285 1599 per·

207 1625 269 1689 fici
284 1625 391 1707 possit
407 1625 612 1706 usquedum
632 1625 697 1689 Dei
711 1624 972 1689 similitudinem
987 1625 1147 1708 attingat.
1163 1625 1283 1707 Atque

209 1751 255 1797 ex
277 1733 343 1796 hoc
366 1732 463 1795 nobis
487 1733 627 1796 videtur
661 1750 827 1814 magnam
850 1735 985 1814 partem
1010 1732 1197 1813 provenire
1220 1732 1283 1796 illa

208 1839 299 1902 mira
314 1839 478 1919 confusio,
497 1856 588 1921 quae
607 1838 700 1920 apud
716 1856 833 1902 russos
849 1838 1071 1921 conspicitur,
1094 1856 1164 1902 nou
1179 1839 1280 1903 modo

209 1948 245 2009 in
264 1945 490 2028 concipienda
516 1949 651 2026 natura,
675 1947 790 2027 gratia
805 1950 840 2011 et
854 1946 1202 2029 supranaturalitate,
1223 1946 1282 2012 sed
1387 1988 1436 2019 ot

203 2054 315 2118 etiam
339 2053 374 2116 in
399 2053 476 2116 aliis
495 2054 763 2135 quamplurimis
785 2056 870 2135 puta
890 2055 925 2116 in
940 2053 1169 2134 concipienda
1183 2072 1281 2119 reve·
1346 2087 1433 2126 -e-

206 2160 337 2224 latione
360 2160 504 2243 eiusque
527 2159 695 2225 relatione
719 2160 764 2223 ad
788 2161 960 2224 rationem
982 2162 1047 2224 etc.
1061 2159 1092 2238 1).

317 2267 346 2331 3.
371 2266 420 2330 Ut
442 2267 557 2331 omnia
590 2286 681 2351 quae
715 2268 865 2332 diximus
900 2267 1011 2332 veluti
1035 2283 1106 2330 una
1129 2267 1282 2349 proposi·
1327 2270 1429 2331 -i-

210 2374 302 2437 tione
326 2374 611 2457 complectamur,
635 2374 744 2457 liquet
768 2391 941 2437 summam
964 2373 1102 2456 erroris,
1134 2391 1283 2438 causam
1321 2391 1428 2436 m

209 2485 315 2563 atque
339 2480 493 2545 radicem
518 2486 712 2546 ceterorum
736 2499 897 2546 errorum
920 2481 966 2544 ad
989 2479 1023 2543 id
1042 2479 1078 2543 in
1099 2497 1282 2545 russorum
1316 2495 1429 2542 m

207 2590 401 2671 systemate
426 2589 554 2671 reduci,
577 2589 669 2673 quod
687 2590 779 2654 russi
798 2590 887 2653 falso
906 2587 1165 2670 proportionem
1183 2587 1281 2652 affir-
1316 2621 1357 2630 -
1378 2600 1430 2644 ⁴?-

210 2699 352 2759 marunt
375 2696 465 2760 inter
488 2697 593 2760 finem
623 2697 669 2760 ad
696 2715 800 2780 quern
824 2697 924 2760 homo
948 2695 991 2759 de
1013 2695 1108 2758 iacto
1130 2699 1283 2760 vocatus
1302 2711 1368 2758 8
1383 2706 1433 2753 ns

202 2806 262 2867 -est
284 2809 319 2866 et
342 2803 489 2867 hominis
513 2802 640 2886 integri
664 2809 829 2868 naturam
853 2804 888 2868 iu
912 2819 949 2867 se
973 2803 1161 2882 sumptam.

317 2908 376 2972 VI.
399 2909 424 2973 l.
449 2909 617 2975 Catholici
641 2928 735 2992 vero,
759 2928 840 2975 cum
864 2911 954 2975 inter
976 2908 1153 2990 duplicem
1173 2909 1331 2974 homi·
1345 2899 1435 2967 ili·

208 3016 263 3079 nis
286 3018 392 3081 tinem
416 3016 638 3099 distinguant,
672 3018 837 3100 sequitur,
871 3019 909 3081 ut
941 3016 1116 3098 duplicem
1142 3023 1431 3100 quoquessss·

209 3123 365 3187 ordinem
388 3131 519 3205 ponant
541 3126 739 3189 naturalem
759 3109 892 3190 scilicet
910 3129 946 3189 et
964 3125 1307 3206 supernaturalem..
1322 3129 1429 3184 αἱ]

203 3228 297 3296 llum
321 3230 411 3295 alter
434 3231 526 3296 enim
549 3233 629 3296 finis
653 3233 781 3296 homini
800 3231 1040 3297 connaturalis
1058 3230 1112 3313 sit,
1137 3246 1356 3298 necesse&
1377 3244 1435 3279 Α

321 3461 340 3526 ¹)
357 3459 575 3514 Considerando
599 3463 678 3515 enirn
705 3467 843 3517 naturam
867 3462 994 3515 hominis
1013 3461 1202 3539 rationalem,
1233 3448 1432 3516 veto‘el

211 3551 236 3602 si
255 3551 302 3602 vis
322 3551 495 3618 imaginem,
524 3551 603 3620 quod
623 3567 772 3605 summum
792 3556 846 3618 est,
874 3565 1030 3620 possumus
1054 3551 1177 3619 inferre,
1204 3551 1428 3621 quae-6³⁰

211 3654 250 3692 ex
268 3639 352 3692 donis
371 3639 517 3694 Creatoris
536 3641 657 3706 homini,
676 3647 710 3694 ut
729 3641 849 3708 homini,
876 3640 984 3709 debita,
1010 3655 1087 3710 quae
1113 3656 1187 3695 vero
1213 3644 1420 3710 gra-ss‘tl·

211 3728 289 3781 tuita
309 3729 384 3795 sint3
402 3731 479 3782 sicut
498 3745 551 3782 nos
570 3731 696 3785 iacimus
715 3746 784 3784 cum
799 3732 878 3784 inter
893 3730 971 3784 dona
985 3730 1139 3785 naturalia
1153 3736 1184 3784 et
1199 3740 1353 3800 praee
1363 3734 1410 3773 ‹6-

211 3819 409 3872 ternaturalia
436 3819 659 3887 distinguimus.
698 3819 756 3874 Sed
777 3820 1095 3888 supranaturalitatem
1113 3821 1233 3888 proprie
1251 3829 1355 3872 ee
1370 3820 1401 3867 et

211 3921 283 3959 vero
303 3922 371 3959 curn
391 3908 427 3962 de
447 3908 549 3962 ordine
569 3909 696 3962 hominis
715 3910 753 3963 ad
768 3910 865 3962 Deum
885 3909 1035 3976 loquimur
1049 3924 1108 3962 non
1123 3917 1384 3977 possumuL-ls

211 3996 384 4064 specificare
403 3999 460 4050 nisi
480 4013 517 4050 ex
537 3999 605 4050 linc.
