2872 4666
500 272 737 395 >--aa-

90 542 308 607 adeundam
332 538 596 626 assequendum.
620 543 714 608 Deus
738 545 897 626 provisor
915 546 1012 610 ducit
1030 547 1162 627 dirigit·

93 665 162 732 que
186 667 263 714 eam
288 649 334 712 ad
352 649 466 715 finem.
710 630 713 636 ’
1109 637 1110 640 “

202 755 268 821 Sed
300 757 365 820 etsi
397 762 562 821 creatura
599 757 780 821 rationalis
817 757 893 839 ipsa
930 764 1058 824 natura
1096 779 1164 825 sua

92 868 178 946 apta
201 865 246 927 sit
269 864 313 927 ad
339 864 594 946 assequendum
618 882 719 928 suum
743 865 860 948 tinem,
883 867 929 930 ad
948 885 1052 949 quem
1072 869 1162 948 pari-

93 975 148 1036 ter
171 972 247 1053 ipsa
270 976 398 1036 natura
426 989 491 1035 sua
523 972 726 1055 destinatur,
761 977 877 1037 tamen
911 975 1050 1057 assequi
1082 993 1162 1040 eum

95 1097 164 1142 non
190 1082 300 1160 potest
332 1079 397 1143 nisi
431 1079 649 1160 providentia
682 1079 803 1144 divina
836 1082 1029 1147 adiuvante
1056 1086 1164 1166 atque

95 1191 312 1270 cooperante,
336 1188 402 1251 nisi
425 1188 541 1270 gratia
564 1187 763 1252 accedente.

203 1295 257 1359 Ita
282 1296 412 1378 passim
435 1313 552 1359 omnes
577 1295 733 1378 theologi,
757 1299 843 1377 puta
867 1296 1024 1363 Suietlov
1047 1297 1090 1362 de
1109 1315 1166 1362 ra-

95 1402 216 1466 tionali
257 1408 435 1469 creatura
459 1403 664 1484 generatim:
706 1401 947 1487 «Quamquam
989 1409 1165 1488 creatura,

97 1509 217 1594 inquit,
255 1511 461 1576 necessariis
497 1510 632 1574 viribus
668 1511 968 1594 facultatibusque
1000 1512 1045 1576 ad
1073 1531 1163 1577 asse·

97 1618 274 1701 quendum
297 1636 399 1682 suum
422 1617 528 1683 finem
552 1617 711 1699 praedita
729 1622 790 1701 est,
816 1624 932 1682 tamen
952 1619 1028 1702 ipsa
1048 1637 1109 1701 per
1129 1638 1166 1684 se

97 1727 173 1790 siue
196 1725 304 1790 ductu
327 1729 433 1807 atque
456 1726 698 1806 cooperatione
721 1725 962 1807 providentiae
984 1726 1166 1791 imbecillis

97 1835 152 1898 est
175 1837 280 1916 atque
303 1833 472 1914 impotens
496 1832 540 1896 ad
564 1833 819 1915 assequendum
847 1834 995 1898 eundem
1018 1835 1167 1917 propriis

99 1941 255 2006 viribus»
270 1940 298 2020 ¹).

208 2049 322 2113 Etiam
360 2049 500 2131 spiritus
538 2047 615 2129 puri
657 2047 702 2111 ad
743 2049 1021 2130 persequendum
1064 2068 1168 2114 suum

100 2157 208 2222 finem
231 2155 385 2237 indigent
408 2155 476 2218 hac
499 2154 563 2218 Dei
589 2155 829 2237 cooperatione
853 2174 914 2219 seu
934 2156 1001 2220 hac
1020 2154 1168 2237 Spiritus

100 2283 126 2329 s.
150 2263 266 2347 gratia
280 2261 309 2341 ἵ).
388 2320 391 2328 .

211 2371 419 2436 Praesertim
444 2371 508 2434 hoc
541 2371 583 2435 de
617 2369 727 2450 primo
760 2370 898 2434 homine
930 2370 1035 2434 etiam
1064 2374 1170 2453 atquc
1285 2455 1287 2460 .

102 2479 210 2546 etiam
233 2480 409 2560 repetitur.
437 2475 632 2557 «Catholici,
657 2476 768 2559 inquit
794 2476 969 2558 Silvester,
994 2480 1171 2542 nonsatis

103 2588 259 2650 animum
293 2586 477 2650 attendunt
508 2585 554 2648 ad
586 2585 629 2666 id,
662 2584 753 2666 quod
787 2585 887 2647 homo
916 2585 961 2648 ad
984 2585 1170 2666 imaginem

105 2694 169 2758 Dei
194 2697 335 2758 creatus
357 2695 434 2757 erat
458 2697 492 2756 et
514 2692 605 2775 quod
629 2684 812 2772 propterea
845 2693 920 2773 ipsa
954 2710 1018 2755 sua
1042 2698 1171 2757 natura

104 2801 151 2866 ad
174 2801 286 2865 vitam
310 2800 466 2864 divinam
488 2805 523 2864 et
547 2799 758 2865 consortium
781 2817 863 2863 cum
883 2798 955 2864 Deo
979 2800 1172 2864 destinatus

106 2912 193 2990 erat,
217 2925 365 2990 quorum
387 2907 532 2988 pignora
555 2912 590 2971 et
613 2906 800 2970 facultates
825 2906 972 2987 propriis
996 2906 1071 2984 eius
1091 2906 1172 2969 viri·

105 3016 171 3078 bus
194 3014 475 3094 continebantur;
499 3032 590 3096 quae
612 3014 776 3096 quamvis
800 3016 939 3094 possent
957 3017 991 3077 et
1009 3013 1175 3078 deberent

108 3139 178 3185 non
201 3121 304 3185 aliter
326 3122 444 3186 evolvi
468 3125 502 3186 et
525 3137 731 3186 excrescere
753 3136 797 3183 ac
821 3119 1035 3183 solummodo
1058 3119 1175 3201 gratia

107 3232 143 3293 et
184 3228 316 3294 virtute
357 3228 476 3293 divina
518 3226 787 3307 adiuvantibus»
803 3225 832 3305 ³).
884 3227 1021 3309 «Homo,
1063 3227 1176 3309 inquit

109 3334 304 3418 Uspienski,
323 3341 464 3400 creatus
479 3341 556 3400 erat
574 3334 619 3398 ad
634 3334 820 3415 imaginem
836 3333 899 3399 Dei
914 3337 1020 3417 atque
1035 3338 1175 3399 creatus

106 3442 183 3524 ipsa
203 3445 332 3506 natura
350 3461 415 3508 sua
427 3445 660 3524 (verbotenus
681 3445 809 3504 natura
823 3441 988 3519 naturali)
1002 3443 1177 3523 perfectus

219 3660 239 3724 ι)
259 3657 404 3726 casiam,
423 3674 468 3726 op.
488 3673 511 3710 e.
531 3656 553 3724 1,
574 3661 589 3720 s
607 3656 650 3723 aa,
665 3642 696 3723 p.
717 3655 777 3708 arr.

218 3750 240 3813 Ι)
260 3747 435 3816 Cnmmmps,
463 3763 507 3816 op.
535 3762 559 3800 c.
585 3745 637 3813 ΙΙΙ,
671 3750 686 3809 5
711 3745 755 3808 53,
788 3760 815 3813 p.
846 3744 912 3810 3783
946 3744 1022 3796 conl.
1056 3743 1180 3810 Manapin

107 3838 246 3901 Bacuenie.
267 3842 282 3902 5
303 3838 345 3903 13,
364 3853 390 3906 p.
411 3838 458 3904 283
482 3867 511 3875 -
531 3837 677 3904 Quanam,
698 3850 742 3902 op.
763 3849 785 3886 c.
806 3837 821 3896 ὅ
841 3832 883 3900 28,
903 3848 930 3900 p.
949 3831 1064 3886 43-45.

217 3931 240 3994 ⁸)
259 3926 434 3996 Cnusaecrpn,
464 3942 510 3995 op.
537 3941 560 3980 o.
584 3924 640 3990 ΙΙΙ,
669 3929 684 3989 5
711 3924 753 3991 58,
774 3940 809 3992 ·p.
836 3923 902 3988 4163
921 3919 1052 3973 -Idem
1072 3919 1180 3987 repetit

104 4018 289 4083 Trrxnnncnill,
309 4033 354 4086 cp.
374 4032 398 4070 c.
418 4016 456 4085 ll,
474 4033 531 4069 mn.
552 4016 593 4083 10,
613 4031 640 4083 p.
661 4014 721 4068 128.

1039 4099 1071 4151 3*
