<?xml version="1.0" encoding="UTF-8"?>
<!DOCTYPE html PUBLIC "-//W3C//DTD XHTML 1.0 Transitional//EN"
    "http://www.w3.org/TR/xhtml1/DTD/xhtml1-transitional.dtd">
<html xmlns="http://www.w3.org/1999/xhtml" xml:lang="en" lang="en">
 <head>
  <title>
</title>
<meta http-equiv="Content-Type" content="text/html;charset=utf-8" />
  <meta name='ocr-system' content='tesseract 3.04.00' />
  <meta name='ocr-capabilities' content='ocr_page ocr_carea ocr_par ocr_line ocrx_word'/>
</head>
<body>
  <div class='ocr_page' id='page_1' title='image "./doctrinarussoru00matgoog_0119.png"; bbox 0 0 2872 4666; ppageno 0'>
   <div class='ocr_carea' id='block_1_1' title="bbox 636 287 876 353">
    <p class='ocr_par' dir='ltr' id='par_1_1' title="bbox 636 287 876 353">
     <span class='ocr_line' id='line_1_1' title="bbox 636 287 876 353; baseline 0 -1"><span class='ocrx_word' id='word_1_1' title='bbox 636 287 876 353; x_wconf 77' lang='lat'>-108-</span> 
     </span>
    </p>
   </div>
   <div class='ocr_carea' id='block_1_2' title="bbox 149 501 1433 2838">
    <p class='ocr_par' dir='ltr' id='par_1_2' title="bbox 223 501 1325 585">
     <span class='ocr_line' id='line_1_2' title="bbox 223 501 1325 585; baseline 0.003 -21"><span class='ocrx_word' id='word_1_2' title='bbox 223 501 352 583; x_wconf 91' lang='lat' dir='ltr'>primos</span> <span class='ocrx_word' id='word_1_3' title='bbox 385 502 538 565; x_wconf 89' lang='lat' dir='ltr'>homines</span> <span class='ocrx_word' id='word_1_4' title='bbox 571 502 712 584; x_wconf 87' lang='lat' dir='ltr'>propria</span> <span class='ocrx_word' id='word_1_5' title='bbox 744 520 850 583; x_wconf 84' lang='lat' dir='ltr'>opera</span> <span class='ocrx_word' id='word_1_6' title='bbox 882 503 929 566; x_wconf 85' lang='lat' dir='ltr'>ad</span> <span class='ocrx_word' id='word_1_7' title='bbox 962 502 1190 568; x_wconf 82' lang='lat' dir='ltr'>sanctitatem</span> <span class='ocrx_word' id='word_1_8' title='bbox 1220 522 1325 585; x_wconf 77' lang='lat' dir='ltr'>per-</span> 
     </span>
    </p>

    <p class='ocr_par' dir='ltr' id='par_1_3' title="bbox 223 607 1432 692">
     <span class='ocr_line' id='line_1_3' title="bbox 223 607 1432 692; baseline 0.002 -19"><span class='ocrx_word' id='word_1_9' title='bbox 223 609 370 691; x_wconf 86' lang='lat' dir='ltr'>venisse,</span> <span class='ocrx_word' id='word_1_10' title='bbox 406 607 439 670; x_wconf 96' lang='lat' dir='ltr'>id</span> <span class='ocrx_word' id='word_1_11' title='bbox 478 609 584 673; x_wconf 89' lang='lat' dir='ltr'>etiam</span> <span class='ocrx_word' id='word_1_12' title='bbox 621 609 764 692; x_wconf 82' lang='lat' dir='ltr'>intelligi</span> <span class='ocrx_word' id='word_1_13' title='bbox 798 612 925 692; x_wconf 80' lang='lat' dir='ltr'>posset3</span> <span class='ocrx_word' id='word_1_14' title='bbox 963 611 1022 675; x_wconf 88' lang='lat' dir='ltr'>sed</span> <span class='ocrx_word' id='word_1_15' title='bbox 1059 614 1279 692; x_wconf 86' lang='lat' dir='ltr'>protestante</span> <span class='ocrx_word' id='word_1_16' title='bbox 1326 610 1432 649; x_wconf 54' lang='lat' dir='ltr'><em>s</em></span> 
     </span>
    </p>

    <p class='ocr_par' dir='ltr' id='par_1_4' title="bbox 223 701 1433 811">
     <span class='ocr_line' id='line_1_4' title="bbox 223 701 1433 811; baseline 0.003 -32"><span class='ocrx_word' id='word_1_17' title='bbox 223 715 404 779; x_wconf 87' lang='lat' dir='ltr'>affirmant</span> <span class='ocrx_word' id='word_1_18' title='bbox 436 716 564 797; x_wconf 88' lang='lat' dir='ltr'>primos</span> <span class='ocrx_word' id='word_1_19' title='bbox 598 716 752 782; x_wconf 88' lang='lat' dir='ltr'>homines</span> <span class='ocrx_word' id='word_1_20' title='bbox 785 736 804 782; x_wconf 90' lang='lat' dir='ltr'>e</span> <span class='ocrx_word' id='word_1_21' title='bbox 838 718 998 781; x_wconf 88' lang='lat' dir='ltr'>manibus</span> <span class='ocrx_word' id='word_1_22' title='bbox 1031 718 1096 782; x_wconf 90' lang='lat' dir='ltr'>Dei</span> <span class='ocrx_word' id='word_1_23' title='bbox 1125 701 1433 811; x_wconf 47' lang='lat' dir='ltr'>prodiissessf</span> 
     </span>
    </p>

    <p class='ocr_par' dir='ltr' id='par_1_5' title="bbox 223 804 1424 919">
     <span class='ocr_line' id='line_1_5' title="bbox 223 820 1402 908; baseline 0 -20"><span class='ocrx_word' id='word_1_24' title='bbox 223 825 403 904; x_wconf 88' lang='lat' dir='ltr'>perfectos,</span> <span class='ocrx_word' id='word_1_25' title='bbox 426 824 604 888; x_wconf 78' lang='lat' dir='ltr'>moraliter</span> <span class='ocrx_word' id='word_1_26' title='bbox 628 828 792 889; x_wconf 88' lang='lat' dir='ltr'>maturos.</span> <span class='ocrx_word' id='word_1_27' title='bbox 834 825 1021 890; x_wconf 87' lang='lat' dir='ltr'>Praeterea</span> <span class='ocrx_word' id='word_1_28' title='bbox 1043 826 1090 890; x_wconf 89' lang='lat' dir='ltr'>ad</span> <span class='ocrx_word' id='word_1_29' title='bbox 1112 826 1322 908; x_wconf 84' lang='lat' dir='ltr'>perfectio·</span> <span class='ocrx_word' id='word_1_30' title='bbox 1342 820 1402 863; x_wconf 67' lang='lat' dir='ltr'><em>s</em></span> 
     </span>
    </p>

    <p class='ocr_par' dir='ltr' id='par_1_6' title="bbox 223 931 1432 1023">
     <span class='ocr_line' id='line_1_6' title="bbox 223 931 1432 1023; baseline 0.004 -28"><span class='ocrx_word' id='word_1_31' title='bbox 223 949 301 995; x_wconf 92' lang='lat' dir='ltr'>nem</span> <span class='ocrx_word' id='word_1_32' title='bbox 335 931 587 1012; x_wconf 81' lang='lat' dir='ltr'>assequendam</span> <span class='ocrx_word' id='word_1_33' title='bbox 620 932 809 1014; x_wconf 81' lang='lat' dir='ltr'>requiritur</span> <span class='ocrx_word' id='word_1_34' title='bbox 847 937 997 1014; x_wconf 90' lang='lat' dir='ltr'>tempus;</span> <span class='ocrx_word' id='word_1_35' title='bbox 1034 933 1138 1015; x_wconf 90' lang='lat' dir='ltr'>primi</span> <span class='ocrx_word' id='word_1_36' title='bbox 1177 938 1307 1000; x_wconf 85' lang='lat' dir='ltr'>autem</span> <span class='ocrx_word' id='word_1_37' title='bbox 1378 960 1432 1023; x_wconf 55' lang='lat' dir='ltr'>s:</span> 
     </span>
    </p>

    <p class='ocr_par' dir='ltr' id='par_1_7' title="bbox 222 1037 1430 1125">
     <span class='ocr_line' id='line_1_7' title="bbox 222 1037 1430 1125; baseline 0.002 -24"><span class='ocrx_word' id='word_1_38' title='bbox 222 1037 377 1102; x_wconf 87' lang='lat' dir='ltr'>homines</span> <span class='ocrx_word' id='word_1_39' title='bbox 401 1038 501 1101; x_wconf 83' lang='lat' dir='ltr'>iuxta</span> <span class='ocrx_word' id='word_1_40' title='bbox 525 1042 581 1101; x_wconf 89' lang='lat' dir='ltr'>sat</span> <span class='ocrx_word' id='word_1_41' title='bbox 603 1056 824 1103; x_wconf 90' lang='lat' dir='ltr'>communem</span> <span class='ocrx_word' id='word_1_42' title='bbox 847 1039 1067 1103; x_wconf 89' lang='lat' dir='ltr'>traditionem</span> <span class='ocrx_word' id='word_1_43' title='bbox 1091 1041 1216 1104; x_wconf 90' lang='lat' dir='ltr'>statim</span> <span class='ocrx_word' id='word_1_44' title='bbox 1239 1058 1294 1106; x_wconf 78' lang='lat' dir='ltr'>ex·</span> <span class='ocrx_word' id='word_1_45' title='bbox 1394 1059 1430 1125; x_wconf 69' lang='lat'>1!</span> 
     </span>
    </p>

    <p class='ocr_par' dir='ltr' id='par_1_8' title="bbox 222 1143 1293 1231">
     <span class='ocr_line' id='line_1_8' title="bbox 222 1143 1293 1231; baseline 0.003 -24"><span class='ocrx_word' id='word_1_46' title='bbox 222 1145 312 1226; x_wconf 91' lang='lat' dir='ltr'>pulsi</span> <span class='ocrx_word' id='word_1_47' title='bbox 349 1149 450 1208; x_wconf 83' lang='lat' dir='ltr'>sunt»</span> <span class='ocrx_word' id='word_1_48' title='bbox 465 1143 493 1222; x_wconf 82' lang='lat'>¹).</span> <span class='ocrx_word' id='word_1_49' title='bbox 539 1144 663 1228; x_wconf 89' lang='lat' dir='ltr'>ltaque</span> <span class='ocrx_word' id='word_1_50' title='bbox 704 1148 826 1210; x_wconf 84' lang='lat' dir='ltr'>auctor</span> <span class='ocrx_word' id='word_1_51' title='bbox 868 1149 974 1229; x_wconf 88' lang='lat' dir='ltr'>negat</span> <span class='ocrx_word' id='word_1_52' title='bbox 1007 1147 1084 1212; x_wconf 86' lang='lat' dir='ltr'>lieri</span> <span class='ocrx_word' id='word_1_53' title='bbox 1117 1166 1232 1231; x_wconf 86' lang='lat' dir='ltr'>posse,</span> <span class='ocrx_word' id='word_1_54' title='bbox 1260 1153 1293 1211; x_wconf 88' lang='lat' dir='ltr'>ut</span> 
     </span>
    </p>

    <p class='ocr_par' dir='ltr' id='par_1_9' title="bbox 222 1252 1291 1337">
     <span class='ocr_line' id='line_1_9' title="bbox 222 1252 1291 1337; baseline 0.003 -21"><span class='ocrx_word' id='word_1_55' title='bbox 222 1252 335 1316; x_wconf 89' lang='lat' dir='ltr'>virtus</span> <span class='ocrx_word' id='word_1_56' title='bbox 360 1270 381 1315; x_wconf 84' lang='lat' dir='ltr'>a</span> <span class='ocrx_word' id='word_1_57' title='bbox 406 1253 479 1315; x_wconf 90' lang='lat' dir='ltr'>Deo</span> <span class='ocrx_word' id='word_1_58' title='bbox 505 1253 642 1316; x_wconf 89' lang='lat' dir='ltr'>infundi</span> <span class='ocrx_word' id='word_1_59' title='bbox 665 1253 780 1335; x_wconf 90' lang='lat' dir='ltr'>possit.</span> <span class='ocrx_word' id='word_1_60' title='bbox 804 1253 914 1318; x_wconf 92' lang='lat' dir='ltr'>Immo</span> <span class='ocrx_word' id='word_1_61' title='bbox 937 1272 1023 1319; x_wconf 90' lang='lat' dir='ltr'>vero</span> <span class='ocrx_word' id='word_1_62' title='bbox 1046 1255 1196 1319; x_wconf 86' lang='lat' dir='ltr'>ulterius</span> <span class='ocrx_word' id='word_1_63' title='bbox 1220 1273 1291 1337; x_wconf 92' lang='lat' dir='ltr'>pro-</span> 
     </span>
    </p>

    <p class='ocr_par' dir='ltr' id='par_1_10' title="bbox 222 1359 1294 1444">
     <span class='ocr_line' id='line_1_10' title="bbox 222 1359 1294 1444; baseline 0.004 -24"><span class='ocrx_word' id='word_1_64' title='bbox 222 1359 378 1441; x_wconf 86' lang='lat' dir='ltr'>greditur</span> <span class='ocrx_word' id='word_1_65' title='bbox 402 1363 508 1441; x_wconf 88' lang='lat' dir='ltr'>atque</span> <span class='ocrx_word' id='word_1_66' title='bbox 526 1359 681 1440; x_wconf 87' lang='lat' dir='ltr'>repetitis</span> <span class='ocrx_word' id='word_1_67' title='bbox 700 1360 838 1424; x_wconf 86' lang='lat' dir='ltr'>vicibus</span> <span class='ocrx_word' id='word_1_68' title='bbox 857 1364 963 1442; x_wconf 87' lang='lat' dir='ltr'>negat</span> <span class='ocrx_word' id='word_1_69' title='bbox 982 1361 1110 1442; x_wconf 89' lang='lat' dir='ltr'>primos</span> <span class='ocrx_word' id='word_1_70' title='bbox 1130 1366 1294 1444; x_wconf 87' lang='lat' dir='ltr'>parentes</span> 
     </span>
    </p>

    <p class='ocr_par' dir='ltr' id='par_1_11' title="bbox 222 1466 1294 1550">
     <span class='ocr_line' id='line_1_11' title="bbox 222 1466 1294 1550; baseline 0.004 -22"><span class='ocrx_word' id='word_1_71' title='bbox 222 1466 442 1546; x_wconf 85' lang='lat' dir='ltr'>intellexisse,</span> <span class='ocrx_word' id='word_1_72' title='bbox 466 1466 549 1549; x_wconf 90' lang='lat' dir='ltr'>qnid</span> <span class='ocrx_word' id='word_1_73' title='bbox 568 1468 696 1531; x_wconf 93' lang='lat' dir='ltr'>bonum</span> <span class='ocrx_word' id='word_1_74' title='bbox 715 1472 805 1532; x_wconf 85' lang='lat' dir='ltr'>esset</span> <span class='ocrx_word' id='word_1_75' title='bbox 828 1470 863 1532; x_wconf 90' lang='lat' dir='ltr'>et</span> <span class='ocrx_word' id='word_1_76' title='bbox 886 1468 969 1550; x_wconf 92' lang='lat' dir='ltr'>quid</span> <span class='ocrx_word' id='word_1_77' title='bbox 989 1467 1164 1549; x_wconf 70' lang='lat' dir='ltr'>malum¹t</span> <span class='ocrx_word' id='word_1_78' title='bbox 1194 1467 1294 1548; x_wconf 78' lang='lat' dir='ltr'>Quod</span> 
     </span>
    </p>

    <p class='ocr_par' dir='ltr' id='par_1_12' title="bbox 222 1573 1295 1658">
     <span class='ocr_line' id='line_1_12' title="bbox 222 1573 1295 1658; baseline 0.004 -22"><span class='ocrx_word' id='word_1_79' title='bbox 222 1573 248 1636; x_wconf 91' lang='lat' dir='ltr'>si</span> <span class='ocrx_word' id='word_1_80' title='bbox 288 1573 337 1636; x_wconf 88' lang='lat' dir='ltr'>ita</span> <span class='ocrx_word' id='word_1_81' title='bbox 373 1573 425 1655; x_wconf 91' lang='lat' dir='ltr'>sit,</span> <span class='ocrx_word' id='word_1_82' title='bbox 458 1592 570 1656; x_wconf 84' lang='lat' dir='ltr'>neque</span> <span class='ocrx_word' id='word_1_83' title='bbox 602 1574 679 1638; x_wconf 91' lang='lat' dir='ltr'>fieri</span> <span class='ocrx_word' id='word_1_84' title='bbox 711 1575 830 1656; x_wconf 89' lang='lat' dir='ltr'>potuit,</span> <span class='ocrx_word' id='word_1_85' title='bbox 867 1575 950 1657; x_wconf 92' lang='lat' dir='ltr'>quin</span> <span class='ocrx_word' id='word_1_86' title='bbox 987 1575 1144 1658; x_wconf 86' lang='lat' dir='ltr'>aliquam</span> <span class='ocrx_word' id='word_1_87' title='bbox 1181 1594 1295 1658; x_wconf 89' lang='lat' dir='ltr'>posse·</span> 
     </span>
    </p>

    <p class='ocr_par' dir='ltr' id='par_1_13' title="bbox 149 1677 1296 1763">
     <span class='ocr_line' id='line_1_13' title="bbox 149 1677 1296 1763; baseline 0.002 -20"><span class='ocrx_word' id='word_1_88' title='bbox 149 1677 151 1682; x_wconf 79' lang='grc'><strong>’</strong></span> <span class='ocrx_word' id='word_1_89' title='bbox 222 1681 336 1745; x_wconf 89' lang='lat' dir='ltr'>derint</span> <span class='ocrx_word' id='word_1_90' title='bbox 367 1683 544 1763; x_wconf 86' lang='lat' dir='ltr'>virtutem,</span> <span class='ocrx_word' id='word_1_91' title='bbox 578 1684 716 1763; x_wconf 84' lang='lat' dir='ltr'>practer</span> <span class='ocrx_word' id='word_1_92' title='bbox 743 1681 850 1763; x_wconf 89' lang='lat' dir='ltr'>illam,</span> <span class='ocrx_word' id='word_1_93' title='bbox 883 1700 991 1763; x_wconf 90' lang='lat' dir='ltr'>quam</span> <span class='ocrx_word' id='word_1_94' title='bbox 1013 1685 1139 1747; x_wconf 83' lang='lat' dir='ltr'>auctor</span> <span class='ocrx_word' id='word_1_95' title='bbox 1160 1684 1213 1748; x_wconf 87' lang='lat' dir='ltr'>eis</span> <span class='ocrx_word' id='word_1_96' title='bbox 1237 1684 1296 1746; x_wconf 91' lang='lat' dir='ltr'>tri-</span> 
     </span>
    </p>

    <p class='ocr_par' dir='ltr' id='par_1_14' title="bbox 222 1788 1301 1978">
     <span class='ocr_line' id='line_1_14' title="bbox 222 1788 1300 1879; baseline 0.002 -27"><span class='ocrx_word' id='word_1_97' title='bbox 222 1789 304 1869; x_wconf 89' lang='lat' dir='ltr'>buit,</span> <span class='ocrx_word' id='word_1_98' title='bbox 331 1788 584 1859; x_wconf 87' lang='lat' dir='ltr'>«innocentiam</span> <span class='ocrx_word' id='word_1_99' title='bbox 607 1789 802 1854; x_wconf 87' lang='lat' dir='ltr'>infantilem</span> <span class='ocrx_word' id='word_1_100' title='bbox 826 1807 886 1853; x_wconf 92' lang='lat' dir='ltr'>seu</span> <span class='ocrx_word' id='word_1_101' title='bbox 906 1790 990 1853; x_wconf 88' lang='lat' dir='ltr'>mali</span> <span class='ocrx_word' id='word_1_102' title='bbox 1008 1789 1300 1879; x_wconf 69' lang='lat' dir='ltr'>nescientiam»³t</span> 
     </span>
     <span class='ocr_line' id='line_1_15' title="bbox 330 1896 1301 1978; baseline 0.002 -18"><span class='ocrx_word' id='word_1_103' title='bbox 330 1896 545 1978; x_wconf 80' lang='lat' dir='ltr'>Argumenta</span> <span class='ocrx_word' id='word_1_104' title='bbox 569 1914 653 1960; x_wconf 88' lang='lat' dir='ltr'>suae</span> <span class='ocrx_word' id='word_1_105' title='bbox 676 1897 855 1960; x_wconf 88' lang='lat' dir='ltr'>doctrinae</span> <span class='ocrx_word' id='word_1_106' title='bbox 874 1896 916 1961; x_wconf 90' lang='lat' dir='ltr'>de</span> <span class='ocrx_word' id='word_1_107' title='bbox 935 1896 1147 1978; x_wconf 82' lang='lat' dir='ltr'>perfectione</span> <span class='ocrx_word' id='word_1_108' title='bbox 1170 1898 1301 1962; x_wconf 90' lang='lat' dir='ltr'>volun·</span> 
     </span>
    </p>

    <p class='ocr_par' dir='ltr' id='par_1_15' title="bbox 222 2003 1299 2088">
     <span class='ocr_line' id='line_1_16' title="bbox 222 2003 1299 2088; baseline 0.003 -22"><span class='ocrx_word' id='word_1_109' title='bbox 222 2004 303 2067; x_wconf 86' lang='lat' dir='ltr'>tatis</span> <span class='ocrx_word' id='word_1_110' title='bbox 327 2003 454 2067; x_wconf 89' lang='lat' dir='ltr'>Adami</span> <span class='ocrx_word' id='word_1_111' title='bbox 487 2004 578 2067; x_wconf 90' lang='lat' dir='ltr'>russi</span> <span class='ocrx_word' id='word_1_112' title='bbox 607 2004 763 2086; x_wconf 87' lang='lat' dir='ltr'>allegant</span> <span class='ocrx_word' id='word_1_113' title='bbox 785 2006 861 2066; x_wconf 88' lang='lat' dir='ltr'>tum</span> <span class='ocrx_word' id='word_1_114' title='bbox 884 2005 1028 2085; x_wconf 85' lang='lat' dir='ltr'>tactum,</span> <span class='ocrx_word' id='word_1_115' title='bbox 1051 2006 1143 2088; x_wconf 92' lang='lat' dir='ltr'>quod</span> <span class='ocrx_word' id='word_1_116' title='bbox 1167 2006 1299 2070; x_wconf 91' lang='lat' dir='ltr'>inordi-</span> 
     </span>
    </p>

    <p class='ocr_par' dir='ltr' id='par_1_16' title="bbox 222 2111 1303 2195">
     <span class='ocr_line' id='line_1_17' title="bbox 222 2111 1303 2195; baseline 0.003 -21"><span class='ocrx_word' id='word_1_117' title='bbox 222 2111 296 2175; x_wconf 88' lang='lat' dir='ltr'>nati</span> <span class='ocrx_word' id='word_1_118' title='bbox 332 2111 523 2175; x_wconf 83' lang='lat' dir='ltr'>voluntatis</span> <span class='ocrx_word' id='word_1_119' title='bbox 562 2114 674 2175; x_wconf 91' lang='lat' dir='ltr'>motus</span> <span class='ocrx_word' id='word_1_120' title='bbox 711 2111 823 2174; x_wconf 86' lang='lat' dir='ltr'>solum</span> <span class='ocrx_word' id='word_1_121' title='bbox 855 2116 976 2192; x_wconf 89' lang='lat' dir='ltr'>postea</span> <span class='ocrx_word' id='word_1_122' title='bbox 1009 2116 1151 2195; x_wconf 88' lang='lat' dir='ltr'>propter</span> <span class='ocrx_word' id='word_1_123' title='bbox 1181 2116 1303 2177; x_wconf 91' lang='lat' dir='ltr'>trans·</span> 
     </span>
    </p>

    <p class='ocr_par' dir='ltr' id='par_1_17' title="bbox 221 2217 1303 2303">
     <span class='ocr_line' id='line_1_18' title="bbox 221 2217 1303 2303; baseline 0.002 -21"><span class='ocrx_word' id='word_1_124' title='bbox 221 2236 380 2301; x_wconf 82' lang='lat' dir='ltr'>gressum</span> <span class='ocrx_word' id='word_1_125' title='bbox 403 2219 608 2282; x_wconf 86' lang='lat' dir='ltr'>mandatum</span> <span class='ocrx_word' id='word_1_126' title='bbox 631 2219 744 2284; x_wconf 86' lang='lat' dir='ltr'>exorti</span> <span class='ocrx_word' id='word_1_127' title='bbox 768 2222 849 2282; x_wconf 92' lang='lat' dir='ltr'>sunt</span> <span class='ocrx_word' id='word_1_128' title='bbox 872 2217 967 2298; x_wconf 83' lang='lat' dir='ltr'>(Gen.</span> <span class='ocrx_word' id='word_1_129' title='bbox 991 2221 1022 2301; x_wconf 89' lang='lat'>3,</span> <span class='ocrx_word' id='word_1_130' title='bbox 1048 2220 1098 2303; x_wconf 92' lang='lat'>10,</span> <span class='ocrx_word' id='word_1_131' title='bbox 1124 2222 1187 2301; x_wconf 90' lang='lat'>11),</span> <span class='ocrx_word' id='word_1_132' title='bbox 1222 2225 1303 2285; x_wconf 88' lang='lat' dir='ltr'>tum</span> 
     </span>
    </p>

    <p class='ocr_par' dir='ltr' id='par_1_18' title="bbox 221 2326 1305 2410">
     <span class='ocr_line' id='line_1_19' title="bbox 221 2326 1305 2410; baseline 0.003 -21"><span class='ocrx_word' id='word_1_133' title='bbox 221 2327 344 2391; x_wconf 82' lang='lat' dir='ltr'>verba:</span> <span class='ocrx_word' id='word_1_134' title='bbox 380 2326 618 2391; x_wconf 83' lang='lat' dir='ltr'>«Solummodo</span> <span class='ocrx_word' id='word_1_135' title='bbox 651 2328 739 2391; x_wconf 88' lang='lat' dir='ltr'>haec</span> <span class='ocrx_word' id='word_1_136' title='bbox 774 2327 902 2409; x_wconf 88' lang='lat' dir='ltr'>inveni,</span> <span class='ocrx_word' id='word_1_137' title='bbox 935 2327 1027 2410; x_wconf 90' lang='lat' dir='ltr'>quod</span> <span class='ocrx_word' id='word_1_138' title='bbox 1050 2327 1175 2393; x_wconf 84' lang='lat' dir='ltr'>feccrit</span> <span class='ocrx_word' id='word_1_139' title='bbox 1200 2328 1305 2392; x_wconf 87' lang='lat' dir='ltr'>Deus</span> 
     </span>
    </p>

    <p class='ocr_par' dir='ltr' id='par_1_19' title="bbox 222 2431 1302 2517">
     <span class='ocr_line' id='line_1_20' title="bbox 222 2431 1302 2517; baseline 0 -20"><span class='ocrx_word' id='word_1_140' title='bbox 222 2434 394 2498; x_wconf 88' lang='lat' dir='ltr'>hominem</span> <span class='ocrx_word' id='word_1_141' title='bbox 437 2438 592 2498; x_wconf 81' lang='lat' dir='ltr'>rectum»</span> <span class='ocrx_word' id='word_1_142' title='bbox 624 2433 769 2511; x_wconf 68' lang='lat' dir='ltr'>iEcltes.</span> <span class='ocrx_word' id='word_1_143' title='bbox 804 2434 832 2517; x_wconf 79' lang='lat'>7,</span> <span class='ocrx_word' id='word_1_144' title='bbox 865 2432 958 2512; x_wconf 74' lang='lat'>30)4).</span> <span class='ocrx_word' id='word_1_145' title='bbox 1009 2431 1205 2517; x_wconf 80' lang='lat' dir='ltr'>«Ceterum,</span> <span class='ocrx_word' id='word_1_146' title='bbox 1250 2434 1302 2498; x_wconf 91' lang='lat' dir='ltr'>in·</span> 
     </span>
    </p>

    <p class='ocr_par' dir='ltr' id='par_1_20' title="bbox 221 2540 1306 2624">
     <span class='ocr_line' id='line_1_21' title="bbox 221 2540 1306 2624; baseline 0.002 -20"><span class='ocrx_word' id='word_1_147' title='bbox 221 2541 296 2623; x_wconf 88' lang='lat' dir='ltr'>quit</span> <span class='ocrx_word' id='word_1_148' title='bbox 320 2541 506 2622; x_wconf 66' lang='lat' dir='ltr'>Macarius</span> <span class='ocrx_word' id='word_1_149' title='bbox 539 2542 628 2605; x_wconf 89' lang='lat' dir='ltr'>haec</span> <span class='ocrx_word' id='word_1_150' title='bbox 659 2540 832 2606; x_wconf 88' lang='lat' dir='ltr'>rectitudo</span> <span class='ocrx_word' id='word_1_151' title='bbox 855 2543 1151 2623; x_wconf 88' lang='lat' dir='ltr'>protoparentum,</span> <span class='ocrx_word' id='word_1_152' title='bbox 1187 2560 1306 2624; x_wconf 86' lang='lat' dir='ltr'>quam</span> 
     </span>
    </p>

    <p class='ocr_par' dir='ltr' id='par_1_21' title="bbox 221 2648 1303 2734">
     <span class='ocr_line' id='line_1_22' title="bbox 221 2648 1303 2734; baseline 0.003 -23"><span class='ocrx_word' id='word_1_153' title='bbox 221 2648 379 2713; x_wconf 86' lang='lat' dir='ltr'>Ecclesia</span> <span class='ocrx_word' id='word_1_154' title='bbox 417 2649 579 2712; x_wconf 86' lang='lat' dir='ltr'>continuo</span> <span class='ocrx_word' id='word_1_155' title='bbox 617 2648 858 2731; x_wconf 86' lang='lat' dir='ltr'>confitebatur,</span> <span class='ocrx_word' id='word_1_156' title='bbox 896 2649 1036 2714; x_wconf 87' lang='lat' dir='ltr'>minime</span> <span class='ocrx_word' id='word_1_157' title='bbox 1071 2649 1122 2713; x_wconf 90' lang='lat' dir='ltr'>sio</span> <span class='ocrx_word' id='word_1_158' title='bbox 1146 2648 1303 2734; x_wconf 83' lang='lat' dir='ltr'>intelligi</span> 
     </span>
    </p>

    <p class='ocr_par' dir='ltr' id='par_1_22' title="bbox 221 2754 1304 2838">
     <span class='ocr_line' id='line_1_23' title="bbox 221 2754 1304 2838; baseline 0.002 -19"><span class='ocrx_word' id='word_1_159' title='bbox 221 2756 331 2838; x_wconf 88' lang='lat' dir='ltr'>debet,</span> <span class='ocrx_word' id='word_1_160' title='bbox 356 2759 394 2818; x_wconf 92' lang='lat' dir='ltr'>ut</span> <span class='ocrx_word' id='word_1_161' title='bbox 418 2756 446 2819; x_wconf 91' lang='lat' dir='ltr'>si</span> <span class='ocrx_word' id='word_1_162' title='bbox 469 2755 519 2820; x_wconf 91' lang='lat' dir='ltr'>illi</span> <span class='ocrx_word' id='word_1_163' title='bbox 543 2757 663 2819; x_wconf 90' lang='lat' dir='ltr'>statim</span> <span class='ocrx_word' id='word_1_164' title='bbox 695 2756 740 2818; x_wconf 90' lang='lat' dir='ltr'>ab</span> <span class='ocrx_word' id='word_1_165' title='bbox 775 2755 871 2819; x_wconf 92' lang='lat' dir='ltr'>initio</span> <span class='ocrx_word' id='word_1_166' title='bbox 904 2774 1031 2821; x_wconf 89' lang='lat' dir='ltr'>omnes.</span> <span class='ocrx_word' id='word_1_167' title='bbox 1047 2754 1202 2822; x_wconf 88' lang='lat' dir='ltr'>virtutes</span> <span class='ocrx_word' id='word_1_168' title='bbox 1226 2758 1304 2821; x_wconf 86' lang='lat' dir='ltr'>iam</span> 
     </span>
    </p>
   </div>
   <div class='ocr_carea' id='block_1_3' title="bbox 220 3059 1436 4023">
    <p class='ocr_par' dir='ltr' id='par_1_23' title="bbox 332 3059 978 3128">
     <span class='ocr_line' id='line_1_24' title="bbox 332 3059 978 3128; baseline -0.003 -16"><span class='ocrx_word' id='word_1_169' title='bbox 332 3061 353 3124; x_wconf 91' lang='lat'>¹)</span> <span class='ocrx_word' id='word_1_170' title='bbox 371 3059 532 3124; x_wconf 62' lang='lat' dir='ltr'>Ceterarum,</span> <span class='ocrx_word' id='word_1_171' title='bbox 553 3075 598 3128; x_wconf 89' lang='lat' dir='ltr'>op.</span> <span class='ocrx_word' id='word_1_172' title='bbox 618 3074 641 3112; x_wconf 85' lang='lat' dir='ltr'>e.</span> <span class='ocrx_word' id='word_1_173' title='bbox 662 3059 700 3121; x_wconf 84' lang='lat' dir='ltr'>Il,</span> <span class='ocrx_word' id='word_1_174' title='bbox 719 3063 734 3123; x_wconf 69' lang='grc' dir='ltr'>ξ</span> <span class='ocrx_word' id='word_1_175' title='bbox 753 3059 796 3126; x_wconf 87' lang='grc'>39,</span> <span class='ocrx_word' id='word_1_176' title='bbox 816 3075 843 3127; x_wconf 90' lang='lat' dir='ltr'>p.</span> <span class='ocrx_word' id='word_1_177' title='bbox 863 3059 978 3113; x_wconf 78' lang='lat'>49-50.</span> 
     </span>
    </p>

    <p class='ocr_par' dir='ltr' id='par_1_24' title="bbox 220 3145 1424 3664">
     <span class='ocr_line' id='line_1_25' title="bbox 329 3145 1300 3218; baseline 0.003 -17"><span class='ocrx_word' id='word_1_178' title='bbox 329 3152 349 3216; x_wconf 74' lang='lat'>²)</span> <span class='ocrx_word' id='word_1_179' title='bbox 369 3149 441 3201; x_wconf 92' lang='lat' dir='ltr'>lbid.</span> <span class='ocrx_word' id='word_1_180' title='bbox 458 3165 525 3218; x_wconf 83' lang='lat' dir='ltr'>pag.</span> <span class='ocrx_word' id='word_1_181' title='bbox 541 3149 583 3217; x_wconf 84' lang='lat'>50,</span> <span class='ocrx_word' id='word_1_182' title='bbox 599 3151 641 3215; x_wconf 82' lang='lat'>51,</span> <span class='ocrx_word' id='word_1_183' title='bbox 657 3149 762 3203; x_wconf 80' lang='lat'>56-57</span> <span class='ocrx_word' id='word_1_184' title='bbox 770 3145 966 3214; x_wconf 80' lang='lat' dir='ltr'>3-Cetcrum</span> <span class='ocrx_word' id='word_1_185' title='bbox 982 3152 1121 3201; x_wconf 86' lang='lat' dir='ltr'>notamus</span> <span class='ocrx_word' id='word_1_186' title='bbox 1138 3148 1219 3203; x_wconf 88' lang='lat' dir='ltr'>hanc</span> <span class='ocrx_word' id='word_1_187' title='bbox 1233 3152 1300 3218; x_wconf 91' lang='lat' dir='ltr'>opi-</span> 
     </span>
     <span class='ocr_line' id='line_1_26' title="bbox 220 3236 1298 3308; baseline 0 -16"><span class='ocrx_word' id='word_1_188' title='bbox 220 3243 340 3293; x_wconf 87' lang='lat' dir='ltr'>nionem</span> <span class='ocrx_word' id='word_1_189' title='bbox 351 3254 415 3292; x_wconf 85' lang='lat' dir='ltr'>esse</span> <span class='ocrx_word' id='word_1_190' title='bbox 430 3240 519 3292; x_wconf 88' lang='lat' dir='ltr'>solius</span> <span class='ocrx_word' id='word_1_191' title='bbox 534 3236 679 3307; x_wconf 86' lang='lat' dir='ltr'>Svietlov,</span> <span class='ocrx_word' id='word_1_192' title='bbox 694 3243 728 3291; x_wconf 92' lang='lat' dir='ltr'>ut</span> <span class='ocrx_word' id='word_1_193' title='bbox 742 3238 875 3304; x_wconf 65' lang='lat' dir='ltr'>videtum</span> <span class='ocrx_word' id='word_1_194' title='bbox 893 3237 1091 3290; x_wconf 88' lang='lat' dir='ltr'>inveniuntur</span> <span class='ocrx_word' id='word_1_195' title='bbox 1104 3236 1199 3291; x_wconf 84' lang='lat' dir='ltr'>etlam</span> <span class='ocrx_word' id='word_1_196' title='bbox 1215 3239 1298 3308; x_wconf 89' lang='lat' dir='ltr'>apud</span> 
     </span>
     <span class='ocr_line' id='line_1_27' title="bbox 220 3325 1300 3397; baseline 0 -15"><span class='ocrx_word' id='word_1_197' title='bbox 220 3331 293 3382; x_wconf 88' lang='lat' dir='ltr'>alios</span> <span class='ocrx_word' id='word_1_198' title='bbox 314 3329 457 3397; x_wconf 84' lang='lat' dir='ltr'>quosdam</span> <span class='ocrx_word' id='word_1_199' title='bbox 477 3330 579 3396; x_wconf 87' lang='lat' dir='ltr'>aliqua</span> <span class='ocrx_word' id='word_1_200' title='bbox 598 3330 687 3382; x_wconf 88' lang='lat' dir='ltr'>huius</span> <span class='ocrx_word' id='word_1_201' title='bbox 706 3328 860 3380; x_wconf 85' lang='lat' dir='ltr'>doctrinae</span> <span class='ocrx_word' id='word_1_202' title='bbox 879 3326 1003 3394; x_wconf 82' lang='lat' dir='ltr'>indicia3</span> <span class='ocrx_word' id='word_1_203' title='bbox 1029 3325 1080 3380; x_wconf 89' lang='lat' dir='ltr'>sed</span> <span class='ocrx_word' id='word_1_204' title='bbox 1107 3328 1173 3381; x_wconf 83' lang='lat' dir='ltr'>tere</span> <span class='ocrx_word' id='word_1_205' title='bbox 1192 3343 1300 3382; x_wconf 81' lang='lat' dir='ltr'>omncs</span> 
     </span>
     <span class='ocr_line' id='line_1_28' title="bbox 220 3415 1291 3486; baseline -0.002 -13"><span class='ocrx_word' id='word_1_206' title='bbox 220 3419 352 3486; x_wconf 80' lang='lat' dir='ltr'>theologi</span> <span class='ocrx_word' id='word_1_207' title='bbox 372 3420 459 3486; x_wconf 80' lang='lat' dir='ltr'>eique</span> <span class='ocrx_word' id='word_1_208' title='bbox 478 3418 649 3485; x_wconf 83' lang='lat' dir='ltr'>gravissimi</span> <span class='ocrx_word' id='word_1_209' title='bbox 670 3421 783 3485; x_wconf 86' lang='lat' dir='ltr'>nogant</span> <span class='ocrx_word' id='word_1_210' title='bbox 795 3415 943 3470; x_wconf 86' lang='lat' dir='ltr'>Adamum</span> <span class='ocrx_word' id='word_1_211' title='bbox 962 3416 1126 3484; x_wconf 85' lang='lat' dir='ltr'>ignorasse,</span> <span class='ocrx_word' id='word_1_212' title='bbox 1146 3417 1221 3486; x_wconf 89' lang='lat' dir='ltr'>quid</span> <span class='ocrx_word' id='word_1_213' title='bbox 1242 3418 1291 3471; x_wconf 90' lang='lat' dir='ltr'>bo·</span> 
     </span>
     <span class='ocr_line' id='line_1_29' title="bbox 220 3506 1424 3574; baseline 0.001 -13"><span class='ocrx_word' id='word_1_214' title='bbox 220 3524 293 3561; x_wconf 88' lang='lat' dir='ltr'>num</span> <span class='ocrx_word' id='word_1_215' title='bbox 313 3512 389 3560; x_wconf 80' lang='lat' dir='ltr'>cssot</span> <span class='ocrx_word' id='word_1_216' title='bbox 409 3514 438 3559; x_wconf 79' lang='lat' dir='ltr'>et</span> <span class='ocrx_word' id='word_1_217' title='bbox 457 3507 529 3574; x_wconf 88' lang='lat' dir='ltr'>quid</span> <span class='ocrx_word' id='word_1_218' title='bbox 549 3508 669 3561; x_wconf 78' lang='lat' dir='ltr'>malum.</span> <span class='ocrx_word' id='word_1_219' title='bbox 690 3508 734 3559; x_wconf 88' lang='lat' dir='ltr'>De</span> <span class='ocrx_word' id='word_1_220' title='bbox 753 3507 807 3559; x_wconf 87' lang='lat' dir='ltr'>hac</span> <span class='ocrx_word' id='word_1_221' title='bbox 822 3521 854 3559; x_wconf 90' lang='lat' dir='ltr'>re</span> <span class='ocrx_word' id='word_1_222' title='bbox 868 3506 965 3559; x_wconf 89' lang='lat' dir='ltr'>fusius</span> <span class='ocrx_word' id='word_1_223' title='bbox 984 3508 1086 3574; x_wconf 84' lang='lat' dir='ltr'>postea</span> <span class='ocrx_word' id='word_1_224' title='bbox 1105 3520 1176 3559; x_wconf 88' lang='lat' dir='ltr'>cum</span> <span class='ocrx_word' id='word_1_225' title='bbox 1196 3507 1234 3560; x_wconf 86' lang='lat' dir='ltr'>de</span> <span class='ocrx_word' id='word_1_226' title='bbox 1248 3521 1294 3560; x_wconf 82' lang='lat' dir='ltr'>ar·</span> <span class='ocrx_word' id='word_1_227' title='bbox 1392 3550 1424 3562; x_wconf 59' lang='grc'>,</span> 
     </span>
     <span class='ocr_line' id='line_1_30' title="bbox 220 3597 603 3664; baseline 0.01 -19"><span class='ocrx_word' id='word_1_228' title='bbox 220 3599 291 3650; x_wconf 87' lang='lat' dir='ltr'>bore</span> <span class='ocrx_word' id='word_1_229' title='bbox 310 3597 451 3649; x_wconf 83' lang='lat' dir='ltr'>scientiae</span> <span class='ocrx_word' id='word_1_230' title='bbox 470 3611 603 3664; x_wconf 85' lang='lat' dir='ltr'>agemus.</span> 
     </span>
    </p>

    <p class='ocr_par' dir='ltr' id='par_1_25' title="bbox 221 3684 1436 3842">
     <span class='ocr_line' id='line_1_31' title="bbox 329 3684 1436 3757; baseline 0.001 -21"><span class='ocrx_word' id='word_1_231' title='bbox 329 3685 442 3750; x_wconf 81' lang='lat' dir='ltr'>⁸)1bid.</span> <span class='ocrx_word' id='word_1_232' title='bbox 463 3686 506 3753; x_wconf 85' lang='lat'>51,</span> <span class='ocrx_word' id='word_1_233' title='bbox 526 3686 645 3752; x_wconf 76' lang='lat'>55-573</span> <span class='ocrx_word' id='word_1_234' title='bbox 665 3685 701 3738; x_wconf 86' lang='lat' dir='ltr'>de</span> <span class='ocrx_word' id='word_1_235' title='bbox 721 3686 776 3738; x_wconf 83' lang='lat' dir='ltr'>hac</span> <span class='ocrx_word' id='word_1_236' title='bbox 801 3700 832 3738; x_wconf 86' lang='lat' dir='ltr'>re</span> <span class='ocrx_word' id='word_1_237' title='bbox 854 3684 949 3738; x_wconf 86' lang='lat' dir='ltr'>fusius</span> <span class='ocrx_word' id='word_1_238' title='bbox 965 3687 1075 3752; x_wconf 85' lang='lat' dir='ltr'>postea,</span> <span class='ocrx_word' id='word_1_239' title='bbox 1094 3698 1164 3738; x_wconf 89' lang='lat' dir='ltr'>cum</span> <span class='ocrx_word' id='word_1_240' title='bbox 1184 3684 1221 3737; x_wconf 91' lang='lat' dir='ltr'>de</span> <span class='ocrx_word' id='word_1_241' title='bbox 1241 3700 1289 3738; x_wconf 92' lang='lat' dir='ltr'>no·</span> <span class='ocrx_word' id='word_1_242' title='bbox 1364 3727 1388 3736; x_wconf 77' lang='grc'>,</span> <span class='ocrx_word' id='word_1_243' title='bbox 1424 3731 1436 3757; x_wconf 72' lang='grc'><strong>,</strong></span> 
     </span>
     <span class='ocr_line' id='line_1_32' title="bbox 221 3775 828 3842; baseline -0.007 -14"><span class='ocrx_word' id='word_1_244' title='bbox 221 3775 350 3829; x_wconf 85' lang='lat' dir='ltr'>minibus</span> <span class='ocrx_word' id='word_1_245' title='bbox 371 3781 467 3828; x_wconf 84' lang='lat' dir='ltr'>status</span> <span class='ocrx_word' id='word_1_246' title='bbox 487 3775 642 3841; x_wconf 78' lang='lat' dir='ltr'>originalis</span> <span class='ocrx_word' id='word_1_247' title='bbox 663 3775 828 3842; x_wconf 87' lang='lat' dir='ltr'>loquemur.</span> 
     </span>
    </p>

    <p class='ocr_par' dir='ltr' id='par_1_26' title="bbox 221 3864 1435 4023">
     <span class='ocr_line' id='line_1_33' title="bbox 329 3864 1435 3941; baseline 0 -25"><span class='ocrx_word' id='word_1_248' title='bbox 329 3866 348 3931; x_wconf 88' lang='lat'>⁴)</span> <span class='ocrx_word' id='word_1_249' title='bbox 366 3865 498 3933; x_wconf 78' lang='lat' dir='ltr'>llanapili.</span> <span class='ocrx_word' id='word_1_250' title='bbox 520 3865 622 3917; x_wconf 61' lang='lat' dir='ltr'>[lodoci.</span> <span class='ocrx_word' id='word_1_251' title='bbox 643 3866 665 3931; x_wconf 90' lang='lat' dir='ltr'>I,</span> <span class='ocrx_word' id='word_1_252' title='bbox 686 3869 700 3929; x_wconf 65' lang='grc' dir='ltr'><strong>ἕ</strong></span> <span class='ocrx_word' id='word_1_253' title='bbox 720 3865 762 3930; x_wconf 84' lang='grc'>84,</span> <span class='ocrx_word' id='word_1_254' title='bbox 789 3880 815 3933; x_wconf 92' lang='lat' dir='ltr'>p.</span> <span class='ocrx_word' id='word_1_255' title='bbox 835 3865 901 3925; x_wconf 79' lang='grc' dir='ltr'><strong>46ῖ);</strong></span> <span class='ocrx_word' id='word_1_256' title='bbox 917 3893 949 3901; x_wconf 97' lang='grc'>-</span> <span class='ocrx_word' id='word_1_257' title='bbox 966 3866 1146 3933; x_wconf 74' lang='lat' dir='ltr'>Bpenmnnua,</span> <span class='ocrx_word' id='word_1_258' title='bbox 1167 3880 1207 3933; x_wconf 93' lang='lat' dir='ltr'>op.</span> <span class='ocrx_word' id='word_1_259' title='bbox 1227 3881 1248 3916; x_wconf 86' lang='lat' dir='ltr'>o.</span> <span class='ocrx_word' id='word_1_260' title='bbox 1267 3864 1289 3931; x_wconf 86' lang='grc' dir='ltr'>Ι,</span> <span class='ocrx_word' id='word_1_261' title='bbox 1327 3914 1360 3941; x_wconf 51' lang='lat' dir='ltr'>,e</span> <span class='ocrx_word' id='word_1_262' title='bbox 1376 3879 1435 3938; x_wconf 65' lang='grc' dir='ltr'><strong><em>ῃ</em></strong></span> 
     </span>
     <span class='ocr_line' id='line_1_34' title="bbox 221 3954 1018 4023; baseline -0.003 -15"><span class='ocrx_word' id='word_1_263' title='bbox 221 3973 246 4023; x_wconf 90' lang='lat' dir='ltr'>p.</span> <span class='ocrx_word' id='word_1_264' title='bbox 268 3955 517 4020; x_wconf 66' lang='lat' dir='ltr'>1963—T1a01a,</span> <span class='ocrx_word' id='word_1_265' title='bbox 540 3969 583 4023; x_wconf 87' lang='lat' dir='ltr'>op.</span> <span class='ocrx_word' id='word_1_266' title='bbox 603 3970 627 4007; x_wconf 88' lang='lat' dir='ltr'>c.</span> <span class='ocrx_word' id='word_1_267' title='bbox 646 3954 668 4021; x_wconf 91' lang='lat' dir='ltr'>l,</span> <span class='ocrx_word' id='word_1_268' title='bbox 689 3971 747 4022; x_wconf 68' lang='lat' dir='ltr'>ypu.</span> <span class='ocrx_word' id='word_1_269' title='bbox 769 3954 810 4021; x_wconf 78' lang='lat'>17,</span> <span class='ocrx_word' id='word_1_270' title='bbox 831 3969 857 4021; x_wconf 89' lang='lat' dir='ltr'>p.</span> <span class='ocrx_word' id='word_1_271' title='bbox 878 3954 942 4015; x_wconf 70' lang='lat'>1803</span> <span class='ocrx_word' id='word_1_272' title='bbox 963 3958 1018 4006; x_wconf 78' lang='lat' dir='ltr'>otc.</span> 
     </span>
    </p>
   </div>
   <div class='ocr_carea' id='block_1_4' title="bbox 0 0 1440 4666">
    <p class='ocr_par' dir='ltr' id='par_1_27' title="bbox 0 0 1440 4666">
     <span class='ocr_line' id='line_1_35' title="bbox 0 0 1440 4666; baseline 0 0"><span class='ocrx_word' id='word_1_273' title='bbox 0 0 1440 4666; x_wconf 95' lang='lat' dir='ltr'> </span> 
     </span>
    </p>
   </div>
  </div>
 </body>
</html>
