2872 4666
592 281 833 349 -118-

176 495 287 563 titatis
317 502 353 562 et
384 495 536 562 iustitiae
559 496 681 561 nolunt
711 495 905 578 intelligere
931 496 998 562 nisi
1020 495 1247 562 sanctitatem

176 608 212 670 et
230 603 398 669 iustitiam
420 607 533 669 status
551 603 867 685 comprehensionis
879 602 911 683 ’ν
935 602 1059 669 Nonne
1076 607 1113 669 et
1131 604 1170 669 iu
1187 604 1247 669 via

176 714 264 777 teate
299 728 326 776 s
358 710 541 793 Scriptura
578 713 724 792 possunt
753 709 831 774 dari
862 709 1062 794 danturque
1093 711 1178 775 iusti
1214 714 1250 776 et

176 817 318 884 sancti?
830 844 832 848 ·
1001 841 1018 847 ··

283 924 421 991 Pariter
444 926 559 990 nescio
583 942 657 1006 cur,
687 942 771 989 cnm
802 923 1013 990 descientia
1045 927 1082 989 et
1112 923 1250 990 virtute

177 1030 281 1113 primi
290 1031 437 1097 hominis
447 1036 565 1113 agunt,
580 1049 648 1096 non
659 1031 848 1114 loquantur
861 1032 952 1096 russi
965 1030 1084 1096 niside
1093 1031 1146 1097 eis
1155 1047 1251 1114 quae

175 1139 422 1223 amarantus
452 1139 555 1222 quasi
585 1139 654 1206 hae
686 1138 897 1203 solummodo
919 1138 1097 1220 possibiles
1120 1143 1251 1206 essent

176 1245 332 1312 Moderni
355 1245 447 1313 russi
469 1251 606 1311 tantum
624 1248 876 1327 processerunt,
900 1250 1025 1311 utnon
1045 1245 1159 1309 solnm
1178 1262 1250 1313 non

177 1352 364 1435 loquantur
394 1353 529 1432 (saltem
561 1371 643 1418 cum
676 1352 853 1435 deprimo
876 1352 1014 1418 homine
1035 1356 1158 1434 agunt)
1180 1351 1251 1442 nisi

176 1460 220 1524 de
243 1461 453 1541 perfectione
475 1477 568 1543 quae
590 1460 649 1525 vel
671 1459 850 1525 constituit
867 1465 1033 1523 naturam
1057 1457 1115 1523 vel
1139 1476 1163 1523 a
1186 1476 1248 1523 na·

176 1570 257 1631 tura
291 1567 494 1649 acquiritur,
527 1567 587 1632 sed
618 1567 724 1634 etiam
758 1585 802 1631 ne
825 1567 1008 1647 concipere
1029 1565 1173 1649 quidem
1196 1566 1248 1631 vi·

175 1674 326 1739 deantur
348 1674 426 1739 fieri
450 1692 557 1756 posse,
580 1678 620 1738 nt
642 1675 797 1750 scientia,
827 1674 951 1757 virtus,
972 1673 1104 1739 iustitia
1129 1673 1249 1756 aliquo

175 1778 245 1846 alio
268 1780 367 1843 modo
390 1781 542 1847 conterri
558 1784 691 1863 queant
708 1785 793 1862 puta
811 1779 995 1846 infusione!
1019 1779 1067 1844 Ut
1084 1780 1251 1861 exemplo

175 1887 325 1952 afferam
340 1886 510 1967 lebedeV,
532 1889 692 1971 quicum
712 1886 900 1953 Tridentini
920 1887 1045 1952 verba:
1069 1887 1248 1954 Adamum

175 1994 212 2057 in
236 1995 422 2060 sanctitate
444 1999 479 2059 et
501 1995 632 2060 iustitia
655 1995 881 2060 constitutum
901 1994 1016 2077 fuisse,
1038 1994 1250 2074 considerat,

176 2102 322 2184 quaerit,
362 2104 535 2184 «profecto
571 2102 741 2186 quomodo
777 2103 844 2168 hae
875 2102 1062 2185 originales
1096 2101 1250 2167 hominis

176 2206 365 2290 qualitates
387 2208 655 2291 intelligantur?
700 2207 937 2274 Sumanturne
969 2224 1071 2275 sensu
1103 2207 1251 2273 moralis

176 2331 221 2378 ac
240 2313 371 2380 liberae
394 2315 640 2399 acquisitionis,
663 2333 709 2379 an
739 2313 876 2379 nonnisi
903 2333 1007 2380 seusu
1025 2313 1252 2396 perfectionis

176 2421 250 2486 eius
264 2426 414 2488 naturae
424 2421 463 2487 i»
478 2420 500 2502 ²)
523 2421 634 2503 Quasi
652 2423 791 2488 tertium
806 2440 875 2486 non
889 2421 1046 2488 daretur!
1069 2420 1252 2489 Sanctitas

177 2534 212 2594 et
235 2529 366 2593 iustitia
384 2547 406 2591 a
426 2531 608 2596 catholicis
631 2548 743 2614 neque
762 2533 801 2594 ut
819 2530 1048 2612 proprietates
1066 2529 1252 2596 naturales

177 2635 235 2702 hic
258 2641 445 2701 sumuntur
476 2655 589 2719 neque
614 2640 651 2700 ut
674 2636 862 2719 qualitates
897 2636 1050 2721 propriav
1074 2635 1252 2700 industria

176 2744 384 2826 acquisitae;
417 2744 477 2809 sed
510 2749 549 2808 ut
580 2745 746 2826 perfectio
778 2762 870 2827 quae
896 2743 1026 2807 homini
1049 2748 1250 2824 praeterat

178 2867 286 2931 supra
305 2852 380 2929 eius
400 2855 565 2915 naturam
583 2850 751 2916 beneficio
765 2849 883 2915 divino
898 2848 1026 2931 largita
1039 2854 1101 2914 est
1120 2847 1249 2915 Gratia

176 2957 346 3022 habituali
370 2958 623 3038 sanctificante,
646 2975 754 3040 quam
770 2957 883 3020 Adam
897 2974 920 3020 a
934 2957 1008 3021 Deo
1021 2956 1176 3021 infusam
1191 2974 1249 3023 ao·

176 3067 327 3144 ceperat
351 3065 511 3129 elevatus
533 3069 586 3130 est
609 3064 667 3129 ille
685 3068 793 3146 atque
810 3063 847 3126 iu
861 3062 1047 3127 sanctitate
1065 3066 1100 3127 et
1114 3063 1248 3126 iustitia

176 3170 393 3237 constitutus.
430 3209 468 3218 -
510 3171 556 3236 Ut
587 3171 744 3235 discatur
776 3170 944 3236 virtutem
974 3171 1079 3235 etiam
1111 3169 1248 3235 infundi

177 3295 284 3358 posse,
313 3278 405 3343 sicut
427 3279 463 3342 in
487 3278 612 3344 ceteris
636 3278 804 3360 pluribus,
836 3279 887 3342 ita
917 3280 953 3342 et
984 3276 1041 3341 hic
1064 3294 1248 3345 recurren-

177 3383 260 3448 dum
292 3389 345 3450 est
376 3386 422 3449 ad
454 3404 632 3451 russorum
665 3386 771 3451 libros
806 3385 1014 3468 symbolicos
1026 3382 1056 3464 ⁵).
1081 3419 1123 3431 -
1149 3384 1246 3451 Haec

286 3581 303 3644 ¹)
324 3578 477 3645 yonencnin,
508 3596 552 3648 op.
582 3596 605 3632 c.
633 3596 661 3648 p.
690 3580 737 3648 393
760 3610 793 3618 —
812 3579 925 3643 anons,
954 3593 1000 3647 op.
1029 3594 1053 3632 c.
1081 3578 1103 3642 I,
1133 3595 1177 3648 pp.
1203 3578 1245 3646 21,

177 3681 204 3735 p.
225 3666 289 3734 2123
310 3698 342 3704 —
362 3667 517 3720 Hunnrcrtill
536 3668 564 3722 C.
584 3669 667 3736 Bispa.
688 3668 725 3734 II,
744 3685 772 3737 p.
792 3669 899 3722 32-33
913 3667 1012 3722 adnot.

285 3759 306 3821 ⁸)
323 3756 458 3818 ileoeueas
475 3757 507 3810 Α.
527 3773 572 3827 op.
592 3774 615 3810 c.
635 3776 663 3828 p.
684 3758 744 3812 170.

285 3847 306 3910 θ)
324 3844 395 3912 Vgr.
415 3846 529 3899 Gentes.
548 3845 628 3900 Orth.
646 3846 774 3915 Mogilae
789 3863 815 3915 p.
831 3847 869 3912 ll,
889 3862 915 3915 q.
932 3848 955 3914 l,
971 3847 1013 3900 ita
1027 3846 1136 3900 definit
1152 3861 1245 3915 spem:

179 3930 225 3985 «Ἡ
246 3934 335 3986 ἐλπίδα
354 3930 416 3987 εἶναι
435 3935 476 3988 ἕνα
496 3935 591 4008 &ipim
611 3936 737 4002 ἀληθινὸν
758 3936 819 4006 πρὸς
838 3935 882 3987 τὸν
901 3935 973 4004 Θεὸν,
993 3937 1127 4006 διδόμενον
1154 3936 1186 3997 εἰς
1201 3934 1245 4000 τὴν
