2872 4666
608 303 847 368 -1t4-

190 515 275 580 illud
298 516 469 580 auxilium
493 518 633 583 deberet
656 537 731 584 esse
750 518 937 600 infinitum,
961 520 1021 584 sed
1040 519 1143 583 finita
1163 538 1257 586 erea-

190 626 270 687 tura
294 625 448 705 incapax
471 630 524 696 est
547 626 789 708 suscipiendae
811 627 953 690 virtutis
973 627 1141 691 infinitae.
1167 625 1260 692 Cete-

188 748 267 794 rum
298 732 406 796 etiam
434 732 496 796 illa
520 733 657 798 infinita
690 734 856 815 perfectio
888 740 924 798 et
957 733 1022 798 Dei
1053 735 1264 798 assimilatio

139 845 141 848 ⁴
188 855 300 920 neque
323 856 432 920 supra
454 840 666 922 exigentiam
686 840 832 905 hominis
852 844 999 905 naturae
1018 859 1131 923 neque
1151 859 1262 923 supra

187 946 386 1010 naturalem
410 948 483 1011 eius
506 948 719 1013 tendentiam
744 948 895 1030 ponitur;
935 948 995 1013 sed
1018 949 1265 1012 tantummodo

187 1070 294 1134 supra
327 1054 422 1118 vires
454 1073 545 1138 quae
577 1055 707 1121 debiles
741 1073 785 1119 ac
809 1055 1005 1120 imbecillae
1027 1059 1116 1120 sunt.
1165 1053 1266 1135 Qua·

186 1163 327 1242 propter
350 1162 435 1225 illud
459 1162 628 1226 auxilium
653 1181 714 1228 seu
737 1164 852 1246 gratia
876 1181 988 1245 neque
1010 1163 1114 1243 plane
1138 1180 1264 1244 super-

186 1268 357 1332 naturaHs
398 1277 452 1333 est
492 1287 603 1352 neque
646 1270 811 1350 indebita3
853 1272 960 1352 atque
996 1287 1064 1332 non
1100 1276 1155 1333 est
1193 1270 1266 1334 nisi

185 1375 432 1456 corroborans,
469 1378 679 1459 confortans,
721 1377 906 1459 adiuvans,
950 1393 1128 1457 nunquam
1172 1393 1265 1441 vero

183 1482 329 1547 elevans
352 1483 551 1548 habitualis.

291 1587 466 1672 Quidquid
489 1593 550 1673 est,
574 1591 664 1654 russi
683 1591 840 1673 theologi,
863 1589 938 1655 sive
957 1589 1016 1672 qui
1036 1589 1263 1671 distinguunt

184 1696 276 1760 hanc
291 1698 479 1778 specialem
498 1698 764 1779 providentiam,
784 1698 876 1760 hane
898 1696 1178 1778 cooperationem
1195 1715 1264 1762 seu

183 1804 334 1884 gratiam
357 1822 379 1867 a
402 1805 557 1869 naturali
581 1805 800 1886 providentia
824 1821 868 1868 ac
891 1805 1144 1884 cooperatione,
1178 1805 1263 1870 sive

182 1911 242 1993 qui
265 1930 334 1974 non
356 1912 581 1994 distinguunt,
615 1912 690 1976 sive
713 1913 773 1994 qui
796 1913 861 1975 hoc
885 1911 960 1975 sive
983 1911 1042 1993 qui
1065 1910 1124 1973 illo
1154 1912 1263 1975 modo

182 2018 256 2082 eius
279 2019 522 2084 necessitatem
544 2019 732 2101 explicant,
765 2036 884 2082 omnes
908 2019 942 2081 in
965 2037 1005 2082 eo
1029 2018 1261 2101 conveniunt,

181 2126 272 2207 quod
296 2127 388 2189 hanc
407 2127 559 2208 gratiam
577 2145 689 2209 neque
713 2144 818 2207 supra
843 2125 1055 2207 exigentiam
1074 2125 1261 2192 humanae

181 2236 329 2297 naturae
353 2236 388 2298 et
410 2234 636 2316 indigentiam
671 2228 812 2315 ponunt,
845 2251 958 2315 neque
993 2239 1031 2295 ut
1063 2233 1170 2313 plane
1205 2233 1259 2296 in-

181 2339 333 2403 debitam
357 2345 506 2405 naturae
528 2341 764 2420 considerant3
797 2340 871 2403 sine
896 2357 967 2422 qua
992 2340 1126 2402 scilicet
1150 2340 1261 2404 homo

181 2447 240 2510 vel
263 2447 450 2512 subsistere
474 2448 533 2512 vel
555 2448 664 2530 modo,
697 2449 757 2530 qui
791 2465 852 2511 suo
884 2446 947 2511 fini
971 2447 1261 2529 correspondeat,

180 2555 317 2635 operari
341 2556 456 2635 possit.
480 2556 585 2619 Porro
604 2573 722 2619 omnes
742 2573 810 2618 non
830 2555 988 2617 tribuunt
1012 2553 1093 2617 huie
1111 2554 1260 2636 gratiae

180 2661 246 2724 nisi
283 2679 409 2724 munus
446 2663 662 2726 sustentandi
699 2661 871 2726 hominem
913 2664 1018 2744 atque
1061 2660 1260 2741 praecipue

179 2768 253 2832 eius
291 2767 479 2832 evolutioni
516 2771 572 2831 ac
597 2770 767 2850 profectui
804 2767 1025 2849 cooperandi;
1066 2784 1258 2850 nunquam

180 2891 264 2938 vero
287 2875 449 2940 elevandi
473 2875 531 2940 vel
555 2875 810 2940 sanctificandi.

287 2983 316 3046 6.
340 2984 497 3047 Proiecto
521 3000 602 3046 cum
626 2984 717 3046 russi
745 2983 787 3047 de
811 2981 1030 3063 providentia
1062 2997 1148 3062 erga
1182 2982 1256 3062 pri-

179 3107 274 3152 mum
307 3090 480 3154 hominem
508 3094 618 3172 agunt
641 3091 704 3153 vix
728 3089 899 3154 mentione
931 3091 1028 3153 iacta
1061 3105 1256 3152 conserva·

178 3196 279 3260 tionis
307 3215 369 3261 seu
392 3196 651 3260 sustentationis
684 3199 744 3259 toti
777 3200 858 3259 sunt
889 3196 924 3258 in
948 3195 1126 3259 narranda
1152 3196 1267 3259 aiiir->

178 3304 375 3386 mandaque
399 3304 646 3384 cooperatione.
671 3301 814 3368 Gratiae
833 3303 925 3367 enim
948 3319 1054 3385 quam
1077 3319 1141 3364 nos
1165 3300 1253 3366 diei·

178 3430 255 3474 mus
287 3412 500 3476 habitualem
533 3429 594 3476 seu
626 3410 880 3475 iustificationis
908 3410 1024 3473 nullus
1048 3409 1082 3472 in
1105 3408 1252 3473 illorum

178 3520 367 3598 systemate
400 3517 606 3599 relinquitur
638 3517 744 3594 locus,
774 3517 849 3580 sive
871 3516 932 3579 illa
956 3519 996 3579 ut
1016 3515 1163 3580 elevans
1189 3516 1249 3579 ho·

178 3625 304 3687 minem
329 3624 360 3687 h.
384 3643 411 3688 e.
435 3642 479 3688 ex
503 3629 597 3687 statu
630 3623 782 3687 naturali
815 3623 850 3686 in
883 3625 1014 3686 statum
1037 3625 1248 3703 supernatu-

176 3732 296 3812 ralem,
320 3750 365 3795 ex
388 3731 580 3795 conditione
614 3731 735 3796 servili
768 3730 804 3794 in
837 3729 1068 3794 conditionem
1092 3729 1248 3793 filiorum

177 3839 241 3903 Dei
265 3856 308 3901 ae
331 3837 462 3916 gloriae
486 3837 675 3901 haeredum
699 3856 780 3901 eum
803 3839 1016 3902 transferens
1049 3835 1246 3917 respicitur,

176 3947 252 4009 sive
275 3949 313 4009 ut
336 3944 563 4008 sanctificans
586 3947 618 4009 h.
642 3964 668 4009 e.
693 3945 846 4008 naturali
869 3943 1016 4007 hominis
1035 3943 1183 4006 bonitati
1201 3961 1245 4007 ao
