<?xml version="1.0" encoding="UTF-8"?>
<!DOCTYPE html PUBLIC "-//W3C//DTD XHTML 1.0 Transitional//EN"
    "http://www.w3.org/TR/xhtml1/DTD/xhtml1-transitional.dtd">
<html xmlns="http://www.w3.org/1999/xhtml" xml:lang="en" lang="en">
 <head>
  <title>
</title>
<meta http-equiv="Content-Type" content="text/html;charset=utf-8" />
  <meta name='ocr-system' content='tesseract 3.04.00' />
  <meta name='ocr-capabilities' content='ocr_page ocr_carea ocr_par ocr_line ocrx_word'/>
</head>
<body>
  <div class='ocr_page' id='page_1' title='image "./doctrinarussoru00matgoog_0054.png"; bbox 0 0 2872 4666; ppageno 0'>
   <div class='ocr_carea' id='block_1_1' title="bbox 610 337 827 401">
    <p class='ocr_par' dir='ltr' id='par_1_1' title="bbox 610 337 827 401">
     <span class='ocr_line' id='line_1_1' title="bbox 610 337 827 401; baseline 0.005 -20"><span class='ocrx_word' id='word_1_1' title='bbox 610 337 827 401; x_wconf 65' lang='lat'>,43-</span> 
     </span>
    </p>
   </div>
   <div class='ocr_carea' id='block_1_2' title="bbox 179 549 1253 740">
    <p class='ocr_par' dir='ltr' id='par_1_2' title="bbox 179 549 1253 740">
     <span class='ocr_line' id='line_1_2' title="bbox 179 549 1253 633; baseline 0.006 -22"><span class='ocrx_word' id='word_1_2' title='bbox 179 553 309 633; x_wconf 85' lang='lat' dir='ltr'>tueque</span> <span class='ocrx_word' id='word_1_3' title='bbox 350 553 515 631; x_wconf 91' lang='lat' dir='ltr'>corrupta</span> <span class='ocrx_word' id='word_1_4' title='bbox 562 549 695 614; x_wconf 89' lang='lat' dir='ltr'>ratione</span> <span class='ocrx_word' id='word_1_5' title='bbox 740 553 889 615; x_wconf 88' lang='lat' dir='ltr'>naturae</span> <span class='ocrx_word' id='word_1_6' title='bbox 935 551 1072 633; x_wconf 83' lang='lat' dir='ltr'>lapsae,</span> <span class='ocrx_word' id='word_1_7' title='bbox 1118 552 1253 617; x_wconf 88' lang='lat' dir='ltr'>ratione</span> 
     </span>
     <span class='ocr_line' id='line_1_3' title="bbox 181 657 1252 740; baseline 0.003 -18"><span class='ocrx_word' id='word_1_8' title='bbox 181 675 269 723; x_wconf 80' lang='lat' dir='ltr'>vero</span> <span class='ocrx_word' id='word_1_9' title='bbox 310 660 422 721; x_wconf 89' lang='lat' dir='ltr'>status</span> <span class='ocrx_word' id='word_1_10' title='bbox 463 657 680 722; x_wconf 84' lang='lat' dir='ltr'>innocentiae</span> <span class='ocrx_word' id='word_1_11' title='bbox 721 658 885 740; x_wconf 78' lang='lat' dir='ltr'>quamvls</span> <span class='ocrx_word' id='word_1_12' title='bbox 926 663 1062 724; x_wconf 87' lang='lat' dir='ltr'>retenta</span> <span class='ocrx_word' id='word_1_13' title='bbox 1100 659 1159 724; x_wconf 89' lang='lat' dir='ltr'>sed</span> <span class='ocrx_word' id='word_1_14' title='bbox 1197 659 1252 725; x_wconf 92' lang='lat' dir='ltr'>de·</span> 
     </span>
    </p>
   </div>
   <div class='ocr_carea' id='block_1_3' title="bbox 82 767 343 829">
    <p class='ocr_par' dir='ltr' id='par_1_3' title="bbox 82 767 343 829">
     <span class='ocr_line' id='line_1_4' title="bbox 82 767 343 829; baseline -0.011 1"><span class='ocrx_word' id='word_1_15' title='bbox 82 779 85 785; x_wconf 85' lang='lat'><em>·</em></span> <span class='ocrx_word' id='word_1_16' title='bbox 179 767 343 829; x_wconf 84' lang='lat' dir='ltr'>formata.</span> 
     </span>
    </p>
   </div>
   <div class='ocr_carea' id='block_1_4' title="bbox 170 869 1253 2351">
    <p class='ocr_par' dir='ltr' id='par_1_4' title="bbox 170 869 1253 2351">
     <span class='ocr_line' id='line_1_5' title="bbox 290 869 1251 957; baseline 0.002 -22"><span class='ocrx_word' id='word_1_17' title='bbox 290 871 479 937; x_wconf 82' lang='lat' dir='ltr'>Anzelmus</span> <span class='ocrx_word' id='word_1_18' title='bbox 495 869 593 936; x_wconf 81' lang='lat' dir='ltr'>Cant.</span> <span class='ocrx_word' id='word_1_19' title='bbox 615 875 658 953; x_wconf 81' lang='lat'>(†</span> <span class='ocrx_word' id='word_1_20' title='bbox 676 871 780 952; x_wconf 87' lang='grc'>1109),</span> <span class='ocrx_word' id='word_1_21' title='bbox 804 873 1034 937; x_wconf 79' lang='lat' dir='ltr'>scholasticae</span> <span class='ocrx_word' id='word_1_22' title='bbox 1053 876 1162 957; x_wconf 88' lang='lat' dir='ltr'>pater,</span> <span class='ocrx_word' id='word_1_23' title='bbox 1186 875 1251 956; x_wconf 90' lang='lat' dir='ltr'>pri-</span> 
     </span>
     <span class='ocr_line' id='line_1_6' title="bbox 181 980 1252 1063; baseline 0.001 -19"><span class='ocrx_word' id='word_1_24' title='bbox 181 999 261 1044; x_wconf 91' lang='lat' dir='ltr'>mus</span> <span class='ocrx_word' id='word_1_25' title='bbox 284 980 357 1061; x_wconf 83' lang='lat' dir='ltr'>luit,</span> <span class='ocrx_word' id='word_1_26' title='bbox 390 980 451 1063; x_wconf 92' lang='lat' dir='ltr'>qul</span> <span class='ocrx_word' id='word_1_27' title='bbox 479 998 504 1043; x_wconf 90' lang='lat' dir='ltr'>s.</span> <span class='ocrx_word' id='word_1_28' title='bbox 528 981 714 1063; x_wconf 85' lang='lat' dir='ltr'>Augustini</span> <span class='ocrx_word' id='word_1_29' title='bbox 736 980 931 1045; x_wconf 84' lang='lat' dir='ltr'>doctrinam</span> <span class='ocrx_word' id='word_1_30' title='bbox 955 981 998 1045; x_wconf 93' lang='lat' dir='ltr'>de</span> <span class='ocrx_word' id='word_1_31' title='bbox 1021 982 1252 1063; x_wconf 82' lang='lat' dir='ltr'>peccato&#39;orl·</span> 
     </span>
     <span class='ocr_line' id='line_1_7' title="bbox 179 1087 1252 1172; baseline 0.002 -22"><span class='ocrx_word' id='word_1_32' title='bbox 179 1087 292 1169; x_wconf 85' lang='lat' dir='ltr'>ginali</span> <span class='ocrx_word' id='word_1_33' title='bbox 314 1087 458 1170; x_wconf 83' lang='lat' dir='ltr'>ejusque</span> <span class='ocrx_word' id='word_1_34' title='bbox 481 1087 629 1170; x_wconf 88' lang='lat' dir='ltr'>sequelis</span> <span class='ocrx_word' id='word_1_35' title='bbox 652 1087 789 1170; x_wconf 89' lang='lat' dir='ltr'>penitus</span> <span class='ocrx_word' id='word_1_36' title='bbox 811 1088 940 1153; x_wconf 82' lang='lat' dir='ltr'>evertit</span> <span class='ocrx_word' id='word_1_37' title='bbox 963 1089 1112 1172; x_wconf 85' lang='lat' dir='ltr'>iecitque</span> <span class='ocrx_word' id='word_1_38' title='bbox 1130 1089 1252 1153; x_wconf 86' lang='lat' dir='ltr'>lunda-</span> 
     </span>
     <span class='ocr_line' id='line_1_8' title="bbox 180 1194 1253 1278; baseline 0.003 -20"><span class='ocrx_word' id='word_1_39' title='bbox 180 1200 301 1260; x_wconf 89' lang='lat' dir='ltr'>menta</span> <span class='ocrx_word' id='word_1_40' title='bbox 324 1212 438 1260; x_wconf 89' lang='lat' dir='ltr'>novae</span> <span class='ocrx_word' id='word_1_41' title='bbox 460 1194 639 1260; x_wconf 90' lang='lat' dir='ltr'>doctrinae</span> <span class='ocrx_word' id='word_1_42' title='bbox 671 1212 762 1278; x_wconf 86' lang='lat' dir='ltr'>quae</span> <span class='ocrx_word' id='word_1_43' title='bbox 794 1195 977 1259; x_wconf 89' lang='lat' dir='ltr'>hodiedum</span> <span class='ocrx_word' id='word_1_44' title='bbox 1010 1197 1103 1277; x_wconf 90' lang='lat' dir='ltr'>apud</span> <span class='ocrx_word' id='word_1_45' title='bbox 1127 1197 1253 1261; x_wconf 88' lang='lat' dir='ltr'>latinos</span> 
     </span>
     <span class='ocr_line' id='line_1_9' title="bbox 178 1301 1251 1386; baseline 0.002 -19"><span class='ocrx_word' id='word_1_46' title='bbox 178 1302 319 1367; x_wconf 90' lang='lat' dir='ltr'>colitur.</span> <span class='ocrx_word' id='word_1_47' title='bbox 364 1302 399 1367; x_wconf 91' lang='lat' dir='ltr'>Is</span> <span class='ocrx_word' id='word_1_48' title='bbox 423 1303 560 1385; x_wconf 89' lang='lat' dir='ltr'>peccati</span> <span class='ocrx_word' id='word_1_49' title='bbox 583 1301 761 1385; x_wconf 85' lang='lat' dir='ltr'>originalis</span> <span class='ocrx_word' id='word_1_50' title='bbox 784 1303 970 1366; x_wconf 86' lang='lat' dir='ltr'>essentiam</span> <span class='ocrx_word' id='word_1_51' title='bbox 995 1304 1074 1367; x_wconf 89' lang='lat' dir='ltr'>vult</span> <span class='ocrx_word' id='word_1_52' title='bbox 1095 1322 1171 1369; x_wconf 90' lang='lat' dir='ltr'>esse</span> <span class='ocrx_word' id='word_1_53' title='bbox 1194 1322 1251 1386; x_wconf 91' lang='lat' dir='ltr'>po·</span> 
     </span>
     <span class='ocr_line' id='line_1_10' title="bbox 179 1409 1253 1492; baseline 0.001 -19"><span class='ocrx_word' id='word_1_54' title='bbox 179 1410 287 1473; x_wconf 89' lang='lat' dir='ltr'>sitam</span> <span class='ocrx_word' id='word_1_55' title='bbox 320 1409 355 1473; x_wconf 92' lang='lat' dir='ltr'>in</span> <span class='ocrx_word' id='word_1_56' title='bbox 388 1409 462 1473; x_wconf 88' lang='lat' dir='ltr'>sola</span> <span class='ocrx_word' id='word_1_57' title='bbox 499 1410 635 1475; x_wconf 87' lang='lat' dir='ltr'>debitae</span> <span class='ocrx_word' id='word_1_58' title='bbox 671 1410 822 1475; x_wconf 89' lang='lat' dir='ltr'>iustitiae</span> <span class='ocrx_word' id='word_1_59' title='bbox 859 1409 1029 1475; x_wconf 85' lang='lat' dir='ltr'>nuditate:</span> <span class='ocrx_word' id='word_1_60' title='bbox 1067 1414 1253 1492; x_wconf 88' lang='lat' dir='ltr'>peccatum</span> 
     </span>
     <span class='ocr_line' id='line_1_11' title="bbox 177 1517 1253 1600; baseline 0.002 -20"><span class='ocrx_word' id='word_1_61' title='bbox 177 1517 351 1600; x_wconf 84' lang='lat' dir='ltr'>originale</span> <span class='ocrx_word' id='word_1_62' title='bbox 369 1518 469 1582; x_wconf 86' lang='lat' dir='ltr'>iuxta</span> <span class='ocrx_word' id='word_1_63' title='bbox 489 1537 569 1584; x_wconf 91' lang='lat' dir='ltr'>eum</span> <span class='ocrx_word' id='word_1_64' title='bbox 589 1537 657 1582; x_wconf 90' lang='lat' dir='ltr'>non</span> <span class='ocrx_word' id='word_1_65' title='bbox 676 1521 729 1584; x_wconf 88' lang='lat' dir='ltr'>cst</span> <span class='ocrx_word' id='word_1_66' title='bbox 747 1518 813 1582; x_wconf 91' lang='lat' dir='ltr'>nisi</span> <span class='ocrx_word' id='word_1_67' title='bbox 832 1518 987 1583; x_wconf 88' lang='lat' dir='ltr'>delectus</span> <span class='ocrx_word' id='word_1_68' title='bbox 1007 1519 1167 1599; x_wconf 91' lang='lat' dir='ltr'>iustitiae,</span> <span class='ocrx_word' id='word_1_69' title='bbox 1187 1519 1253 1584; x_wconf 94' lang='lat' dir='ltr'>nisi</span> 
     </span>
     <span class='ocr_line' id='line_1_12' title="bbox 170 1624 1252 1709; baseline 0.003 -21"><span class='ocrx_word' id='word_1_70' title='bbox 170 1624 315 1690; x_wconf 70' lang='lat' dir='ltr'>›reditus</span> <span class='ocrx_word' id='word_1_71' title='bbox 345 1624 391 1688; x_wconf 90' lang='lat' dir='ltr'>ad</span> <span class='ocrx_word' id='word_1_72' title='bbox 423 1630 554 1689; x_wconf 86' lang='lat' dir='ltr'>statum</span> <span class='ocrx_word' id='word_1_73' title='bbox 586 1644 752 1707; x_wconf 92' lang='lat' dir='ltr'>purorum</span> <span class='ocrx_word' id='word_1_74' title='bbox 786 1625 1014 1707; x_wconf 87' lang='lat' dir='ltr'>naturalium;</span> <span class='ocrx_word' id='word_1_75' title='bbox 1052 1627 1152 1690; x_wconf 93' lang='lat' dir='ltr'>homo</span> <span class='ocrx_word' id='word_1_76' title='bbox 1190 1645 1252 1709; x_wconf 90' lang='lat' dir='ltr'>per</span> 
     </span>
     <span class='ocr_line' id='line_1_13' title="bbox 182 1731 1252 1816; baseline 0.004 -22"><span class='ocrx_word' id='word_1_77' title='bbox 182 1733 369 1813; x_wconf 87' lang='lat' dir='ltr'>peccatum</span> <span class='ocrx_word' id='word_1_78' title='bbox 405 1731 573 1813; x_wconf 85' lang='lat' dir='ltr'>originale</span> <span class='ocrx_word' id='word_1_79' title='bbox 609 1732 776 1813; x_wconf 89' lang='lat' dir='ltr'>spoliatus</span> <span class='ocrx_word' id='word_1_80' title='bbox 809 1736 861 1798; x_wconf 90' lang='lat' dir='ltr'>est</span> <span class='ocrx_word' id='word_1_81' title='bbox 894 1733 975 1796; x_wconf 87' lang='lat' dir='ltr'>solis</span> <span class='ocrx_word' id='word_1_82' title='bbox 1008 1734 1252 1816; x_wconf 89' lang='lat' dir='ltr'>superioribus,</span> 
     </span>
     <span class='ocr_line' id='line_1_14' title="bbox 178 1838 1252 1922; baseline 0.003 -20"><span class='ocrx_word' id='word_1_83' title='bbox 178 1838 518 1921; x_wconf 85' lang='lat' dir='ltr'>supernaturalibus,</span> <span class='ocrx_word' id='word_1_84' title='bbox 552 1857 643 1922; x_wconf 88' lang='lat' dir='ltr'>quae</span> <span class='ocrx_word' id='word_1_85' title='bbox 674 1858 720 1904; x_wconf 87' lang='lat' dir='ltr'>ex</span> <span class='ocrx_word' id='word_1_86' title='bbox 743 1839 807 1904; x_wconf 92' lang='lat' dir='ltr'>Dei</span> <span class='ocrx_word' id='word_1_87' title='bbox 841 1839 1054 1921; x_wconf 88' lang='lat' dir='ltr'>providentis</span> <span class='ocrx_word' id='word_1_88' title='bbox 1082 1840 1252 1922; x_wconf 85' lang='lat' dir='ltr'>gratiaci</span> 
     </span>
     <span class='ocr_line' id='line_1_15' title="bbox 179 1945 1251 2029; baseline 0.001 -19"><span class='ocrx_word' id='word_1_89' title='bbox 179 1945 410 2027; x_wconf 86' lang='lat' dir='ltr'>advenerant,</span> <span class='ocrx_word' id='word_1_90' title='bbox 434 1946 654 2010; x_wconf 87' lang='lat' dir='ltr'>naturalibus</span> <span class='ocrx_word' id='word_1_91' title='bbox 677 1965 892 2029; x_wconf 90' lang='lat' dir='ltr'>quamquam</span> <span class='ocrx_word' id='word_1_92' title='bbox 916 1946 1102 2011; x_wconf 90' lang='lat' dir='ltr'>debilitatis</span> <span class='ocrx_word' id='word_1_93' title='bbox 1121 1947 1251 2011; x_wconf 92' lang='lat' dir='ltr'>illaesis</span> 
     </span>
     <span class='ocr_line' id='line_1_16' title="bbox 181 2051 1253 2136; baseline 0.001 -19"><span class='ocrx_word' id='word_1_94' title='bbox 181 2057 301 2117; x_wconf 90' lang='lat' dir='ltr'>tamen</span> <span class='ocrx_word' id='word_1_95' title='bbox 325 2054 584 2118; x_wconf 88' lang='lat' dir='ltr'>remanentibus</span> <span class='ocrx_word' id='word_1_96' title='bbox 608 2058 715 2136; x_wconf 88' lang='lat' dir='ltr'>atque</span> <span class='ocrx_word' id='word_1_97' title='bbox 739 2054 957 2136; x_wconf 89' lang='lat' dir='ltr'>incorruptis.</span> <span class='ocrx_word' id='word_1_98' title='bbox 982 2091 1022 2099; x_wconf 93' lang='lat'><em>—</em></span> <span class='ocrx_word' id='word_1_99' title='bbox 1047 2051 1148 2133; x_wconf 78' lang='lat' dir='ltr'>Quod</span> <span class='ocrx_word' id='word_1_100' title='bbox 1167 2073 1253 2120; x_wconf 89' lang='lat' dir='ltr'>vero</span> 
     </span>
     <span class='ocr_line' id='line_1_17' title="bbox 181 2160 1251 2244; baseline 0.001 -21"><span class='ocrx_word' id='word_1_101' title='bbox 181 2161 400 2224; x_wconf 87' lang='lat' dir='ltr'>innocentem</span> <span class='ocrx_word' id='word_1_102' title='bbox 438 2160 610 2225; x_wconf 91' lang='lat' dir='ltr'>hominem</span> <span class='ocrx_word' id='word_1_103' title='bbox 646 2161 778 2244; x_wconf 89' lang='lat' dir='ltr'>attinet,</span> <span class='ocrx_word' id='word_1_104' title='bbox 815 2161 925 2225; x_wconf 91' lang='lat' dir='ltr'>omnis</span> <span class='ocrx_word' id='word_1_105' title='bbox 961 2161 1037 2241; x_wconf 85' lang='lat' dir='ltr'>ejus</span> <span class='ocrx_word' id='word_1_106' title='bbox 1075 2162 1251 2243; x_wconf 78' lang='lat' dir='ltr'>perfectio,</span> 
     </span>
     <span class='ocr_line' id='line_1_18' title="bbox 177 2267 1252 2351; baseline 0.002 -20"><span class='ocrx_word' id='word_1_107' title='bbox 177 2285 273 2351; x_wconf 87' lang='lat' dir='ltr'>quae</span> <span class='ocrx_word' id='word_1_108' title='bbox 297 2267 427 2332; x_wconf 89' lang='lat' dir='ltr'>iustitia</span> <span class='ocrx_word' id='word_1_109' title='bbox 460 2274 495 2332; x_wconf 88' lang='lat' dir='ltr'>et</span> <span class='ocrx_word' id='word_1_110' title='bbox 526 2269 713 2333; x_wconf 89' lang='lat' dir='ltr'>sanctitate</span> <span class='ocrx_word' id='word_1_111' title='bbox 746 2269 940 2334; x_wconf 89' lang='lat' dir='ltr'>constitisse</span> <span class='ocrx_word' id='word_1_112' title='bbox 964 2269 1100 2350; x_wconf 87' lang='lat' dir='ltr'>dicitur,</span> <span class='ocrx_word' id='word_1_113' title='bbox 1132 2269 1252 2335; x_wconf 91' lang='lat' dir='ltr'>eodem</span> 
     </span>
    </p>
   </div>
   <div class='ocr_carea' id='block_1_5' title="bbox 178 2375 1253 2566">
    <p class='ocr_par' dir='ltr' id='par_1_5' title="bbox 178 2375 1253 2566">
     <span class='ocr_line' id='line_1_19' title="bbox 178 2375 1253 2460; baseline 0.002 -21"><span class='ocrx_word' id='word_1_114' title='bbox 178 2379 327 2441; x_wconf 87' lang='lat' dir='ltr'>auctore</span> <span class='ocrx_word' id='word_1_115' title='bbox 346 2375 523 2459; x_wconf 85' lang='lat' dir='ltr'>Anzelmo,</span> <span class='ocrx_word' id='word_1_116' title='bbox 547 2376 699 2441; x_wconf 87' lang='lat' dir='ltr'>totaliter</span> <span class='ocrx_word' id='word_1_117' title='bbox 722 2376 803 2440; x_wconf 89' lang='lat' dir='ltr'>solis</span> <span class='ocrx_word' id='word_1_118' title='bbox 827 2376 1151 2457; x_wconf 88' lang='lat' dir='ltr'>supernaturalibus</span> <span class='ocrx_word' id='word_1_119' title='bbox 1175 2395 1253 2460; x_wconf 82' lang='lat' dir='ltr'>gra-</span> 
     </span>
     <span class='ocr_line' id='line_1_20' title="bbox 179 2483 1253 2566; baseline 0.001 -21"><span class='ocrx_word' id='word_1_120' title='bbox 179 2483 253 2547; x_wconf 84' lang='lat' dir='ltr'>tiae</span> <span class='ocrx_word' id='word_1_121' title='bbox 276 2483 469 2547; x_wconf 87' lang='lat' dir='ltr'>actionibus</span> <span class='ocrx_word' id='word_1_122' title='bbox 493 2483 704 2548; x_wconf 87' lang='lat' dir='ltr'>adscribitur</span> <span class='ocrx_word' id='word_1_123' title='bbox 727 2488 833 2566; x_wconf 90' lang='lat' dir='ltr'>atque</span> <span class='ocrx_word' id='word_1_124' title='bbox 857 2484 983 2547; x_wconf 88' lang='lat' dir='ltr'>donum</span> <span class='ocrx_word' id='word_1_125' title='bbox 1017 2501 1111 2549; x_wconf 91' lang='lat' dir='ltr'>merc</span> <span class='ocrx_word' id='word_1_126' title='bbox 1135 2501 1253 2565; x_wconf 88' lang='lat' dir='ltr'>super·</span> 
     </span>
    </p>
   </div>
   <div class='ocr_carea' id='block_1_6' title="bbox 178 2590 1255 3851">
    <p class='ocr_par' dir='ltr' id='par_1_6' title="bbox 179 2590 1255 3317">
     <span class='ocr_line' id='line_1_21' title="bbox 183 2590 1254 2673; baseline 0.001 -20"><span class='ocrx_word' id='word_1_127' title='bbox 183 2590 345 2657; x_wconf 86' lang='lat' dir='ltr'>naturale</span> <span class='ocrx_word' id='word_1_128' title='bbox 369 2595 525 2672; x_wconf 73' lang='lat' dir='ltr'>putatur,</span> <span class='ocrx_word' id='word_1_129' title='bbox 552 2628 592 2636; x_wconf 92' lang='lat'>-</span> <span class='ocrx_word' id='word_1_130' title='bbox 616 2592 717 2655; x_wconf 88' lang='lat' dir='ltr'>homo</span> <span class='ocrx_word' id='word_1_131' title='bbox 741 2610 825 2656; x_wconf 91' lang='lat' dir='ltr'>vero</span> <span class='ocrx_word' id='word_1_132' title='bbox 848 2591 1023 2673; x_wconf 88' lang='lat' dir='ltr'>innocens,</span> <span class='ocrx_word' id='word_1_133' title='bbox 1054 2591 1090 2654; x_wconf 90' lang='lat' dir='ltr'>ln</span> <span class='ocrx_word' id='word_1_134' title='bbox 1113 2609 1150 2656; x_wconf 90' lang='lat' dir='ltr'>se</span> <span class='ocrx_word' id='word_1_135' title='bbox 1174 2609 1254 2655; x_wconf 92' lang='lat' dir='ltr'>con-</span> 
     </span>
     <span class='ocr_line' id='line_1_22' title="bbox 179 2696 1255 2785; baseline -0.001 -23"><span class='ocrx_word' id='word_1_136' title='bbox 179 2696 357 2762; x_wconf 88' lang='lat' dir='ltr'>sideratus</span> <span class='ocrx_word' id='word_1_137' title='bbox 379 2716 451 2785; x_wconf 90' lang='lat' dir='ltr'>qua</span> <span class='ocrx_word' id='word_1_138' title='bbox 470 2697 535 2763; x_wconf 90' lang='lat' dir='ltr'>Dei</span> <span class='ocrx_word' id='word_1_139' title='bbox 554 2704 719 2763; x_wconf 90' lang='lat' dir='ltr'>creatura</span> <span class='ocrx_word' id='word_1_140' title='bbox 742 2704 803 2781; x_wconf 91' lang='lat' dir='ltr'>est,</span> <span class='ocrx_word' id='word_1_141' title='bbox 828 2698 1097 2780; x_wconf 88' lang='lat' dir='ltr'>independenter</span> <span class='ocrx_word' id='word_1_142' title='bbox 1121 2697 1255 2763; x_wconf 90' lang='lat' dir='ltr'>scillcet</span> 
     </span>
     <span class='ocr_line' id='line_1_23' title="bbox 179 2804 1254 2889; baseline 0.001 -21"><span class='ocrx_word' id='word_1_143' title='bbox 179 2822 206 2868; x_wconf 90' lang='lat' dir='ltr'>a</span> <span class='ocrx_word' id='word_1_144' title='bbox 230 2804 329 2869; x_wconf 88' lang='lat' dir='ltr'>donis</span> <span class='ocrx_word' id='word_1_145' title='bbox 363 2805 490 2869; x_wconf 88' lang='lat' dir='ltr'>divinis</span> <span class='ocrx_word' id='word_1_146' title='bbox 523 2824 615 2889; x_wconf 85' lang='lat' dir='ltr'>quae</span> <span class='ocrx_word' id='word_1_147' title='bbox 647 2824 754 2889; x_wconf 90' lang='lat' dir='ltr'>supra</span> <span class='ocrx_word' id='word_1_148' title='bbox 787 2824 867 2870; x_wconf 89' lang='lat' dir='ltr'>eum</span> <span class='ocrx_word' id='word_1_149' title='bbox 899 2805 1118 2870; x_wconf 86' lang='lat' dir='ltr'>extrinsecus</span> <span class='ocrx_word' id='word_1_150' title='bbox 1142 2806 1254 2870; x_wconf 85' lang='lat' dir='ltr'>effusa</span> 
     </span>
     <span class='ocr_line' id='line_1_24' title="bbox 182 2912 1254 2995; baseline 0 -19"><span class='ocrx_word' id='word_1_151' title='bbox 182 2916 275 2993; x_wconf 89' lang='lat' dir='ltr'>sunt,</span> <span class='ocrx_word' id='word_1_152' title='bbox 309 2929 377 2975; x_wconf 91' lang='lat' dir='ltr'>non</span> <span class='ocrx_word' id='word_1_153' title='bbox 409 2913 548 2994; x_wconf 89' lang='lat' dir='ltr'>ponitur</span> <span class='ocrx_word' id='word_1_154' title='bbox 572 2914 637 2977; x_wconf 91' lang='lat' dir='ltr'>nisi</span> <span class='ocrx_word' id='word_1_155' title='bbox 661 2914 695 2976; x_wconf 91' lang='lat' dir='ltr'>ln</span> <span class='ocrx_word' id='word_1_156' title='bbox 720 2918 814 2977; x_wconf 90' lang='lat' dir='ltr'>statu</span> <span class='ocrx_word' id='word_1_157' title='bbox 839 2930 1005 2995; x_wconf 89' lang='lat' dir='ltr'>purorum</span> <span class='ocrx_word' id='word_1_158' title='bbox 1030 2912 1254 2993; x_wconf 88' lang='lat' dir='ltr'>naturalium,</span> 
     </span>
     <span class='ocr_line' id='line_1_25' title="bbox 179 3019 1255 3102; baseline 0 -20"><span class='ocrx_word' id='word_1_159' title='bbox 179 3020 243 3102; x_wconf 89' lang='lat' dir='ltr'>qui</span> <span class='ocrx_word' id='word_1_160' title='bbox 276 3021 389 3083; x_wconf 88' lang='lat' dir='ltr'>status</span> <span class='ocrx_word' id='word_1_161' title='bbox 421 3020 507 3084; x_wconf 92' lang='lat' dir='ltr'>nihil</span> <span class='ocrx_word' id='word_1_162' title='bbox 538 3020 769 3086; x_wconf 89' lang='lat' dir='ltr'>essentialiter</span> <span class='ocrx_word' id='word_1_163' title='bbox 802 3020 943 3084; x_wconf 85' lang='lat' dir='ltr'>differre</span> <span class='ocrx_word' id='word_1_164' title='bbox 975 3019 1102 3083; x_wconf 92' lang='lat' dir='ltr'>dicitur</span> <span class='ocrx_word' id='word_1_165' title='bbox 1135 3020 1180 3083; x_wconf 88' lang='lat' dir='ltr'>ab</span> <span class='ocrx_word' id='word_1_166' title='bbox 1215 3036 1255 3082; x_wconf 88' lang='lat' dir='ltr'>eo</span> 
     </span>
     <span class='ocr_line' id='line_1_26' title="bbox 179 3124 1254 3210; baseline -0.002 -19"><span class='ocrx_word' id='word_1_167' title='bbox 179 3131 288 3208; x_wconf 88' lang='lat' dir='ltr'>statu,</span> <span class='ocrx_word' id='word_1_168' title='bbox 321 3126 357 3191; x_wconf 92' lang='lat' dir='ltr'>in</span> <span class='ocrx_word' id='word_1_169' title='bbox 389 3146 456 3210; x_wconf 92' lang='lat' dir='ltr'>quo</span> <span class='ocrx_word' id='word_1_170' title='bbox 489 3129 590 3192; x_wconf 94' lang='lat' dir='ltr'>homo</span> <span class='ocrx_word' id='word_1_171' title='bbox 614 3132 690 3209; x_wconf 91' lang='lat' dir='ltr'>post</span> <span class='ocrx_word' id='word_1_172' title='bbox 714 3129 850 3210; x_wconf 87' lang='lat' dir='ltr'>lapsum</span> <span class='ocrx_word' id='word_1_173' title='bbox 875 3127 1062 3191; x_wconf 83' lang='lat' dir='ltr'>invenitur.</span> <span class='ocrx_word' id='word_1_174' title='bbox 1089 3124 1254 3205; x_wconf 79' lang='lat' dir='ltr'>-Quod</span> 
     </span>
     <span class='ocr_line' id='line_1_27' title="bbox 181 3234 981 3317; baseline -0.001 -18"><span class='ocrx_word' id='word_1_175' title='bbox 181 3235 270 3299; x_wconf 89' lang='lat' dir='ltr'>nihil</span> <span class='ocrx_word' id='word_1_176' title='bbox 293 3235 389 3299; x_wconf 88' lang='lat' dir='ltr'>aliud</span> <span class='ocrx_word' id='word_1_177' title='bbox 413 3242 473 3317; x_wconf 90' lang='lat' dir='ltr'>est,</span> <span class='ocrx_word' id='word_1_178' title='bbox 497 3236 562 3299; x_wconf 88' lang='lat' dir='ltr'>nisi</span> <span class='ocrx_word' id='word_1_179' title='bbox 586 3252 683 3300; x_wconf 91' lang='lat' dir='ltr'>error</span> <span class='ocrx_word' id='word_1_180' title='bbox 707 3234 981 3317; x_wconf 86' lang='lat' dir='ltr'>pelagianorum.</span> 
     </span>
    </p>

    <p class='ocr_par' dir='ltr' id='par_1_7' title="bbox 178 3340 1255 3851">
     <span class='ocr_line' id='line_1_28' title="bbox 293 3340 1253 3424; baseline -0.001 -19"><span class='ocrx_word' id='word_1_181' title='bbox 293 3341 498 3406; x_wconf 78' lang='lat' dir='ltr'>Antelmum</span> <span class='ocrx_word' id='word_1_182' title='bbox 523 3342 680 3424; x_wconf 90' lang='lat' dir='ltr'>sequitur</span> <span class='ocrx_word' id='word_1_183' title='bbox 703 3340 825 3406; x_wconf 90' lang='lat' dir='ltr'>Scotus</span> <span class='ocrx_word' id='word_1_184' title='bbox 850 3341 1026 3423; x_wconf 87' lang='lat' dir='ltr'>ceterique</span> <span class='ocrx_word' id='word_1_185' title='bbox 1045 3340 1253 3404; x_wconf 88' lang='lat' dir='ltr'>scholastici.</span> 
     </span>
     <span class='ocr_line' id='line_1_29' title="bbox 178 3447 1251 3530; baseline -0.002 -17"><span class='ocrx_word' id='word_1_186' title='bbox 178 3447 341 3529; x_wconf 77' lang='lat' dir='ltr'>Quorum</span> <span class='ocrx_word' id='word_1_187' title='bbox 365 3449 496 3530; x_wconf 87' lang='lat' dir='ltr'>placita</span> <span class='ocrx_word' id='word_1_188' title='bbox 519 3468 541 3512; x_wconf 90' lang='lat' dir='ltr'>a</span> <span class='ocrx_word' id='word_1_189' title='bbox 565 3447 718 3514; x_wconf 82' lang='lat' dir='ltr'>Concilio</span> <span class='ocrx_word' id='word_1_190' title='bbox 741 3449 939 3514; x_wconf 83' lang='lat' dir='ltr'>Tridentino</span> <span class='ocrx_word' id='word_1_191' title='bbox 963 3448 1179 3530; x_wconf 87' lang='lat' dir='ltr'>aprobantur</span> <span class='ocrx_word' id='word_1_192' title='bbox 1198 3448 1251 3511; x_wconf 91' lang='lat' dir='ltr'>de-</span> 
     </span>
     <span class='ocr_line' id='line_1_30' title="bbox 179 3555 1255 3640; baseline -0.002 -19"><span class='ocrx_word' id='word_1_193' title='bbox 179 3558 436 3639; x_wconf 87' lang='lat' dir='ltr'>claranturque</span> <span class='ocrx_word' id='word_1_194' title='bbox 469 3557 604 3640; x_wconf 85' lang='lat' dir='ltr'>dogma.</span> <span class='ocrx_word' id='word_1_195' title='bbox 638 3557 770 3621; x_wconf 90' lang='lat' dir='ltr'>Ultima</span> <span class='ocrx_word' id='word_1_196' title='bbox 803 3557 913 3621; x_wconf 89' lang='lat' dir='ltr'>veluti</span> <span class='ocrx_word' id='word_1_197' title='bbox 938 3573 1063 3618; x_wconf 90' lang='lat' dir='ltr'>manus</span> <span class='ocrx_word' id='word_1_198' title='bbox 1087 3557 1148 3618; x_wconf 87' lang='lat' dir='ltr'>toti</span> <span class='ocrx_word' id='word_1_199' title='bbox 1172 3555 1255 3619; x_wconf 90' lang='lat' dir='ltr'>huic</span> 
     </span>
     <span class='ocr_line' id='line_1_31' title="bbox 183 3662 1255 3745; baseline -0.001 -18"><span class='ocrx_word' id='word_1_200' title='bbox 183 3665 337 3729; x_wconf 83' lang='lat' dir='ltr'>«latinae</span> <span class='ocrx_word' id='word_1_201' title='bbox 375 3664 573 3729; x_wconf 80' lang='lat' dir='ltr'>doctrinae»</span> <span class='ocrx_word' id='word_1_202' title='bbox 609 3664 785 3745; x_wconf 90' lang='lat' dir='ltr'>inponitur</span> <span class='ocrx_word' id='word_1_203' title='bbox 817 3682 838 3727; x_wconf 89' lang='lat' dir='ltr'>a</span> <span class='ocrx_word' id='word_1_204' title='bbox 872 3663 930 3726; x_wconf 92' lang='lat' dir='ltr'>Pio</span> <span class='ocrx_word' id='word_1_205' title='bbox 963 3663 1015 3726; x_wconf 90' lang='lat' dir='ltr'>IX</span> <span class='ocrx_word' id='word_1_206' title='bbox 1047 3662 1154 3743; x_wconf 81' lang='lat'>(1854)</span> <span class='ocrx_word' id='word_1_207' title='bbox 1178 3681 1255 3744; x_wconf 90' lang='lat' dir='ltr'>pro·</span> 
     </span>
     <span class='ocr_line' id='line_1_32' title="bbox 178 3769 1254 3851; baseline -0.003 -13"><span class='ocrx_word' id='word_1_208' title='bbox 178 3774 337 3838; x_wconf 88' lang='lat' dir='ltr'>clamato</span> <span class='ocrx_word' id='word_1_209' title='bbox 369 3772 412 3836; x_wconf 91' lang='lat' dir='ltr'>de</span> <span class='ocrx_word' id='word_1_210' title='bbox 444 3771 677 3836; x_wconf 87' lang='lat' dir='ltr'>Immaculata</span> <span class='ocrx_word' id='word_1_211' title='bbox 715 3772 752 3835; x_wconf 85' lang='lat' dir='ltr'>B.</span> <span class='ocrx_word' id='word_1_212' title='bbox 790 3771 833 3835; x_wconf 92' lang='grc' dir='ltr'>Μ.</span> <span class='ocrx_word' id='word_1_213' title='bbox 867 3771 907 3836; x_wconf 88' lang='lat' dir='ltr'>V.</span> <span class='ocrx_word' id='word_1_214' title='bbox 936 3769 1164 3851; x_wconf 83' lang='lat' dir='ltr'>Conceptione</span> <span class='ocrx_word' id='word_1_215' title='bbox 1198 3772 1254 3835; x_wconf 91' lang='lat' dir='ltr'>do-</span> 
     </span>
    </p>
   </div>
   <div class='ocr_carea' id='block_1_7' title="bbox 177 3888 319 3966">
    <p class='ocr_par' dir='ltr' id='par_1_8' title="bbox 177 3888 319 3966">
     <span class='ocr_line' id='line_1_33' title="bbox 177 3888 319 3966; baseline 0.028 -21"><span class='ocrx_word' id='word_1_216' title='bbox 177 3888 319 3966; x_wconf 61' lang='lat' dir='ltr'>gmatea</span> 
     </span>
    </p>
   </div>
   <div class='ocr_carea' id='block_1_8' title="bbox 0 0 1440 4666">
    <p class='ocr_par' dir='ltr' id='par_1_9' title="bbox 0 0 1440 4666">
     <span class='ocr_line' id='line_1_34' title="bbox 0 0 1440 4666; baseline 0 0"><span class='ocrx_word' id='word_1_217' title='bbox 0 0 1440 4666; x_wconf 95' lang='lat' dir='ltr'> </span> 
     </span>
    </p>
   </div>
  </div>
 </body>
</html>
