2872 4666
665 335 883 400 „84-

240 531 386 594 titudine
408 530 570 594 naturali.
593 527 659 594 Sed
679 531 767 595 haec
785 534 838 594 est
857 548 951 596 mere
970 531 1198 612 hypothetica
1217 550 1423 604 nent-111.

240 658 283 721 pe
306 640 480 719 supposito
497 636 616 701 ordine
636 637 798 718 naturali,
821 674 858 683 —
880 638 908 701 si
928 637 1001 702 Deo
1020 638 1195 720 placuerit
1214 657 1425 712 crea-321-

240 756 356 809 turam
379 744 585 808 rationalem
608 744 644 806 in
667 744 763 825 puris
787 745 1009 809 naturalibus
1027 745 1220 827 reliquisse.
1244 745 1297 811 Se·
1306 758 1427 821 Sed

239 853 274 915 in
298 851 480 933 praesenti,
503 851 562 933 qui
585 850 628 914 de
650 852 745 914 iacto
763 851 890 933 existit,
913 869 1033 916 rerum
1051 852 1173 916 ordine
1191 870 1341 933 supert
1349 880 1425 927 er.

240 958 393 1022 naturali
425 959 537 1022 altera
560 962 613 1023 est
637 957 813 1021 beatitudo
836 976 970 1040 quaec
994 958 1138 1039 speciali
1164 958 1231 1023 Dei
1255 960 1334 1024 ba
1351 987 1423 1034 «ie.

239 1067 435 1132 nevolentia
459 1084 521 1131 nos
546 1071 676 1145 manet;
700 1067 742 1130 de
760 1085 830 1148 qua
850 1084 876 1131 s.
896 1068 1026 1132 Paulus
1044 1067 1122 1148 Ap:
1151 1065 1421 1163 «cenans,

238 1174 358 1256 inquit,
390 1192 457 1236 non
490 1173 587 1254 vidit,
620 1191 685 1237 nec
717 1174 813 1237 auris
848 1173 993 1254 audivit,
1017 1192 1083 1238 nec
1106 1174 1142 1237 in
1167 1192 1230 1238 cor
1253 1177 1418 1247 h·110.

238 1281 339 1344 minis
363 1281 528 1363 ascendit,
552 1297 644 1362 quae
667 1281 896 1361 praeparavit
929 1279 1024 1344 Deus
1058 1280 1112 1345 his
1145 1282 1205 1363 qui
1236 1281 1331 1346 dil[
1343 1285 1415 1354 jli-

235 1393 324 1467 gunt
346 1388 462 1451 illum»
489 1390 516 1464 (1
543 1385 618 1451 Oor.
641 1389 671 1469 2,
695 1387 734 1464 9).
780 1386 878 1451 Haeo
910 1386 1016 1469 igitur
1049 1387 1229 1452 beatitudo
1261 1399 1411 1462 ets-sb

238 1494 400 1576 Apostolo
423 1494 607 1559 exhibetur
630 1500 704 1556 tam
727 1498 877 1558 naturae
895 1493 1076 1557 rationalis
1094 1494 1149 1558 ius
1169 1496 1304 1576 exiget
1315 1517 1405 1568 en.

237 1601 390 1683 tiamque
422 1610 527 1682 atque
559 1601 654 1665 vires
677 1601 855 1679 excedere,
890 1605 928 1663 ut
951 1600 1057 1664 etiam
1081 1601 1227 1665 rationis
1251 1620 1400 1673 caza.

237 1715 335 1788 ptum
358 1709 469 1787 fugiat
481 1706 514 1786 ¹);
538 1710 590 1770 est
604 1706 709 1788 igitur
724 1707 828 1788 plane
842 1725 951 1789 supra
964 1712 1146 1789 naturam3
1173 1712 1390 1790 «gratita

236 1816 302 1880 Dei
325 1815 400 1878 vita
423 1818 586 1879 aeterna»
612 1814 718 1891 (Rom.
742 1815 772 1895 6,
796 1815 858 1893 23).
894 1814 986 1896 Ergo
1009 1816 1181 1897 quomodo
1204 1834 1225 1880 e
1247 1834 1378 1887 n-a.

235 1930 316 1986 tura
340 1927 459 1984 nostra
482 1920 606 1985 deduci
633 1938 678 1984 ac
702 1921 927 1986 determinari
949 1926 1070 2004 potest,
1102 1923 1195 2004 quod
1229 1940 1363 2000 θεὴ-η)

236 2029 339 2111 plane
362 2027 532 2109 superat?
563 2027 655 2110 quod
673 2016 778 2092 'mere
801 2047 846 2091 ex
869 2029 1026 2110 gratuita
1056 2047 1102 2094 ac
1134 2029 1344 2103 benevola

236 2135 301 2200 Dei
323 2134 528 2199 destinantis
552 2135 734 2199 voluntate
754 2134 908 2216 pendet?
930 2135 1090 2201 Proiecto
1108 2135 1332 2205 huiusmodi

235 2243 411 2307 beatitudo
433 2242 528 2305 nullo
552 2241 651 2305 modo
683 2259 705 2304 a
738 2242 844 2322 priori
876 2260 922 2307 ex
944 2245 1075 2306 natura
1098 2242 1227 2308 deduci
1249 2261 1306 2325 po-
1356 2328 1359 2333 ,
1432 2245 1436 2271 ·’

234 2352 310 2431 test,
344 2353 381 2412 ut
412 2349 540 2412 homini
573 2350 772 2413 necessaria
804 2367 848 2413 ac
881 2349 984 2414 unice
1007 2367 1178 2432 congrua3
1216 2351 1301 2415 haec
1409 2417 1424 2455 1

235 2530 445 2537 ...---

342 2634 361 2698 ¹)
380 2631 552 2686 Secundum
580 2632 848 2700 probabilissimam
876 2633 1056 2686 sententiam
1084 2647 1169 2685 mens
1202 2639 1301 2691 nostra

233 2723 294 2777 suis
323 2722 437 2774 viribus
465 2736 503 2774 ne
531 2721 568 2773 ad
594 2720 821 2789 possibilitatem
847 2720 968 2789 quidem
993 2721 1082 2774 huius
1106 2720 1302 2779 beatitudinis

232 2810 466 2881 cognoscendam
494 2812 689 2879 pervenisset:
720 2809 819 2863 ‹Visio
846 2810 902 2863 Dei
935 2810 1080 2863 intuitiva
1107 2814 1153 2863 est
1181 2812 1304 2868 omnino
1419 2829 1432 2880 f

232 2900 468 2969 supernaturalis
494 2915 554 2952 non
579 2900 674 2952 solum
701 2901 732 2951 in
758 2901 874 2953 ratione
900 2901 986 2967 entis,
1016 2898 1160 2953 sedetiam
1185 2904 1219 2953 et
1237 2916 1305 2957 con-

232 2996 391 3059 sequenter
409 2991 441 3041 in
459 2989 574 3042 ratione
592 2990 657 3042 veri
676 2993 706 3042 et
725 2988 941 3056 cognoscibilis,
967 3003 1037 3042 cum
1055 3003 1154 3057 neque
1172 3003 1193 3042 a
1212 2990 1308 3058 priori

232 3095 284 3148 per
293 3093 412 3132 causam
423 3078 591 3130 naturalem
602 3092 699 3146 neque
713 3093 731 3130 a
742 3077 898 3145 posteriori
907 3093 960 3146 per
971 3078 1114 3131 eflectum
1128 3078 1307 3135 naturalem

231 3167 369 3235 cognosci
377 3171 430 3220 aut
438 3167 634 3220 demonstrari
641 3167 731 3234 possit
739 3166 991 3220 demonstratione
998 3165 1172 3234 apodictica:
1183 3167 1308 3225 nullam

230 3258 310 3310 enim
329 3257 382 3309 illa
400 3257 476 3309 visio
495 3256 585 3309 habet
604 3255 820 3309 connexionem
846 3271 913 3310 cum
932 3270 1024 3309 causa
1041 3259 1096 3309 aut
1114 3255 1232 3310 effectu
1250 3272 1307 3313 na·

231 3345 331 3412 turali,
350 3360 388 3398 ex
407 3344 491 3397 cuius
511 3345 681 3412 cognitione
707 3345 790 3397 mens
817 3344 957 3398 ascendat
983 3344 1020 3397 ad
1043 3344 1126 3397 illam
1151 3344 1307 3414 indagan-

231 3434 298 3487 dam
318 3438 371 3486 aut
390 3433 662 3501 demonstrandam,
688 3433 729 3486 ita
755 3437 791 3485 ut
817 3435 840 3485 si
865 3448 924 3487 non
942 3433 1085 3487 existeret
1102 3436 1156 3487 aut
1175 3449 1240 3489 non
1259 3437 1307 3490 fo·

231 3527 277 3575 ret
295 3522 441 3591 possibilis
460 3524 517 3575 ista
536 3522 621 3590 visio,
642 3537 689 3574 rcs
709 3537 810 3575 ornnes
825 3523 977 3577 naturales
992 3523 1091 3575 forent
1105 3522 1308 3582 nihilominus

230 3610 333 3664 eodem
353 3625 472 3678 prorsus
492 3611 587 3677 modo,
607 3626 667 3678 quo
685 3626 766 3664 nunc
785 3616 883 3665 sunt».
912 3611 1043 3680 Zigliara
1060 3608 1145 3665 Card.
1174 3610 1307 3671 Summa

230 3700 442 3768 Philosophica.
468 3701 526 3753 vol.
553 3701 606 3766 Ill,
629 3701 752 3753 Parisiis
780 3700 849 3755 1895
872 3718 901 3753 n.
920 3703 946 3768 7,
970 3717 1000 3770 p.
1020 3701 1062 3754 22.
1086 3731 1116 3741 -
1136 3698 1307 3771 Supposita

230 3794 330 3842 tamen
359 3789 549 3857 revelatione,
579 3794 612 3843 ut
640 3789 718 3842 idem
747 3790 841 3858 docet,
867 3791 1038 3845 intellectus
1056 3793 1156 3844 noster
1177 3790 1304 3847 demon·

230 3883 323 3932 strare
351 3883 447 3947 potest
475 3880 620 3932 visionem
649 3879 818 3933 beatificam
847 3894 904 3933 non
932 3881 1028 3934 solum
1047 3894 1106 3934 non
1124 3895 1307 3951 repugnare

229 3968 345 4034 rationi,
364 3968 415 4021 sed
434 3969 524 4021 ctiam
544 3968 853 4022 convenientissimam
872 3985 943 4023 esse.
