2872 4666
601 326 819 402 ..38-

283 551 324 616 In
347 552 413 616 hoc
436 549 587 635 transitu
619 550 687 613 duo
715 569 777 614 nos
800 551 965 617 catholici
989 551 1254 636 distinguimus:

175 660 364 725 terminum
388 676 410 722 a
433 676 501 741 quo
529 693 567 704 -
593 675 770 724 recessum
794 676 816 721 a
840 662 969 724 natura
1000 662 1036 724 et
1059 659 1253 724 terminum

173 766 224 831 ad
247 784 350 850 quem
376 802 415 812 -
440 783 625 830 accessum
647 765 692 830 ad
711 769 841 830 statum
865 766 1032 832 altiorem.
1070 766 1164 831 Hinc
1187 766 1254 831 du·

178 874 304 956 plioem
328 891 465 956 quoque
487 882 544 933 τοῦ
569 873 847 955 supernaturalis
871 874 1118 956 proprietatem
1144 875 1253 941 habe·

179 998 270 1045 mus:
293 980 505 1062 negativam,
540 980 731 1045 secundum
763 998 871 1063 quam
903 982 1172 1062 supernaturale
1196 988 1255 1048 est

174 1092 339 1154 extract
362 1091 501 1169 praeter
535 1090 683 1152 naturae
706 1088 886 1170 ambitum,
917 1092 953 1153 et
985 1088 1182 1170 positivam,
1214 1091 1254 1154 vi

176 1196 282 1276 cuius
314 1198 443 1259 natura
476 1195 564 1259 dono
598 1196 858 1277 supernaturali
886 1213 993 1278 supra
1018 1214 1055 1260 se
1077 1197 1255 1281 elevatur,

176 1303 227 1367 ad
277 1303 444 1382 altiorem,
491 1302 649 1366 divinum
701 1305 911 1368 transfertur
961 1303 1125 1369 ordinem.
1186 1304 1255 1370 Ille

178 1411 351 1475 transitus
384 1411 489 1493 igitur
521 1411 563 1473 fit
595 1410 682 1474 dono
715 1411 976 1492 supernaturali
1008 1412 1039 1476 h.
1062 1421 1099 1476 e.
1133 1413 1255 1494 gratia

179 1519 304 1584 divina
340 1518 584 1583 sanctificante
620 1518 859 1600 elevanteque,
896 1536 967 1601 qua
1004 1519 1104 1582 homo
1142 1537 1256 1601 supra

182 1627 412 1692 conditionem
431 1630 581 1691 naturae
595 1626 757 1691 evehitur
770 1631 813 1707 et,
828 1626 888 1708 qui
903 1631 1030 1689 natura
1045 1632 1098 1690 est
1115 1644 1256 1708 servus,

183 1734 299 1817 gratia
321 1734 363 1797 fit
385 1732 479 1797 filius
504 1733 567 1797 Dei
592 1740 698 1816 atque
721 1734 854 1816 haereS,
878 1733 937 1816 qui
961 1736 1090 1797 natura
1115 1734 1257 1798 nonnisi

184 1840 407 1908 beatitudinis
431 1840 604 1904 naturalis
626 1846 662 1906 et
685 1841 889 1922 cognitionis
914 1839 978 1905 Dei
1002 1841 1176 1904 naturalis
1202 1848 1259 1907 est

185 1967 311 2031 capax,
343 1949 458 2032 gratia
491 1948 685 2012 destinatur
717 1948 762 2012 ad
794 1948 1043 2012 beatitudinem
1072 1953 1258 2013 aeternam

185 2057 423 2138 visionemque
456 2054 520 2120 Dei
554 2055 753 2120 beatificam
787 2056 896 2138 fitque
933 2061 1045 2137 aptus,
1082 2056 1143 2138 qui
1176 2073 1258 2120 eam

186 2167 403 2246 assequatur.

268 2271 396 2335 ·Russi
420 2288 513 2349 vero,
537 2271 628 2352 quod
652 2270 837 2334 terminum
862 2287 884 2333 a
908 2288 975 2352 quo
1008 2270 1144 2350 attinet,
1178 2271 1262 2335 ulti-

188 2396 283 2441 mum
320 2378 466 2442 hominis
503 2377 608 2441 finem
646 2395 714 2440 non
749 2387 880 2458 ponunt
912 2383 1015 2443 extra
1047 2382 1081 2442 et
1114 2381 1262 2458 praeter

187 2490 336 2550 naturae
360 2486 538 2548 ambitum.
562 2485 672 2548 Homo
696 2485 787 2550 enim
811 2503 850 2548 eo
874 2485 956 2566 ipso,
975 2484 1067 2568 quod
1092 2502 1261 2566 procrea·

188 2600 255 2676 tur,
287 2594 363 2675 ipsa
387 2598 514 2657 natura
539 2611 604 2656 sua
626 2593 774 2657 adeum
799 2592 966 2658 destinari
998 2592 1126 2657 dicitur
1150 2596 1264 2677 atque

189 2700 265 2782 ipsa
289 2704 416 2764 natura
440 2718 505 2764 sua
528 2701 573 2764 ad
596 2718 677 2765 eum
700 2701 796 2781 ferri;
831 2700 958 2766 dicitur
990 2717 1128 2784 quoque
1152 2700 1262 2764 homi·

190 2826 270 2873 nem
293 2808 338 2871 ad
362 2808 616 2890 assequendum
636 2826 737 2872 suum
756 2808 863 2872 finem
881 2808 992 2872 altum
1011 2808 1115 2889 plane
1134 2812 1264 2888 aptum

189 2932 273 2996 esse,
298 2915 431 2978 viribus
455 2916 751 2998 facultatibusque
775 2915 1027 2980 sufficientibus
1052 2913 1264 2998 praeditum,

192 3026 230 3085 ut
253 3040 360 3103 supra
385 3022 545 3086 vidimus.
571 3060 610 3068 -
636 3019 735 3101 Quod
764 3041 849 3087 vero
873 3023 1062 3088 terminum
1085 3021 1131 3084 ad
1154 3040 1265 3105 quem

191 3130 324 3209 attinet,
348 3129 427 3193 finis
451 3130 594 3194 ultimus
618 3130 856 3194 tantummodo
890 3131 984 3194 vires
1007 3129 1164 3209 hominis
1200 3147 1265 3196 seu

193 3237 305 3317 potius
329 3254 449 3300 earum
469 3239 674 3302 exercitium
695 3255 870 3320 superare,
894 3236 1132 3303 tantummodo
1152 3255 1267 3320 supra

192 3344 339 3408 hominis
357 3345 597 3427 evolutionem,
617 3362 776 3428 grossum
795 3344 1006 3410 adeundum
1025 3361 1100 3408 esse
1119 3343 1266 3426 dicitur3

193 3450 294 3514 homo
326 3451 490 3516 innocens
528 3471 596 3517 non
628 3457 705 3536 eget
737 3453 782 3516 ad
814 3471 894 3517 eum
917 3450 1173 3533 assequendum
1197 3453 1268 3516 nisi

194 3557 371 3622 adiutorio.
408 3595 446 3604 —
485 3559 564 3641 Ipse
600 3561 768 3624 transitus
801 3561 843 3623 fit
878 3564 1004 3642 agente
1041 3557 1268 3639 providentia

194 3663 326 3728 divina:

303 3776 330 3851 l)
356 3793 397 3839 ne
430 3779 595 3839 creatura
631 3775 675 3838 ad
709 3775 854 3837 nihilum
892 3773 1038 3852 recidat,
1076 3791 1269 3839 conserva-

195 3883 285 3947 tione
313 3888 572 3946 «sustentantur
591 3882 665 3958 ejus
690 3901 773 3961 esse,
798 3882 900 3961 vires
926 3881 1114 3960 actiones»;
