2872 4666
601 332 819 400 ..40-

179 568 243 616 sua
268 550 304 614 in
328 549 483 615 ordinem
515 548 562 612 ad
593 547 760 612 visionem
794 548 858 613 Dei
890 548 1053 614 facialem
1076 550 1254 631 attingen-

179 658 261 723 dam
285 658 380 737 latet
402 656 452 721 ita
475 673 621 721 causa
643 659 688 721 et
709 654 849 720 radix
873 655 977 735 huius
995 657 1123 721 erroris
1142 674 1255 739 quae·

186 765 296 831 reuda
315 765 489 846 catiaco,
511 763 602 846 quod
625 763 717 828 russi
739 764 830 829 inter
848 763 952 828 finem
978 768 1163 829 creaturae
1187 782 1250 829 na·

183 873 334 939 turalem
358 876 393 936 et
415 871 718 954 supernaturalem
742 889 810 935 non
834 871 1075 952 distinxerunt,
1107 871 1168 936 sed
1197 871 1257 936 vi-

180 979 310 1046 sionem
335 979 399 1044 Dei
423 979 467 1043 ad
490 995 597 1062 quam
621 982 787 1044 ereatura
809 979 990 1042 rationalis
1013 979 1056 1043 de
1074 980 1169 1043 iacto
1188 996 1256 1042 vo-

180 1091 263 1153 cata
295 1089 348 1152 est
380 1086 602 1151 considerant
634 1090 803 1168 tanquam
826 1085 931 1150 finem
955 1090 1142 1151 creaturae
1166 1103 1250 1150 con-

177 1196 343 1280 genitum,
375 1195 649 1259 connaturalem.
695 1191 810 1273 Quam
844 1194 1080 1259 confusionem
1112 1194 1147 1256 in
1176 1195 1256 1258 fine

179 1306 301 1369 secuto
320 1305 373 1366 est
390 1301 545 1366 confusio
564 1319 701 1385 quoque
719 1301 910 1366 mediorum
933 1301 978 1365 ad
997 1302 1116 1366 linem:
1139 1301 1250 1366 actio-

178 1411 234 1476 nis
274 1409 339 1476 Dei
380 1427 643 1492 concursusque
678 1410 850 1473 naturalis
889 1414 924 1474 et
959 1410 1256 1491 supernaturalis,

176 1518 321 1600 gratuiti
344 1522 379 1582 et
401 1517 520 1583 debiti
538 1517 593 1583 Ex
615 1535 683 1600 quo
706 1516 846 1581 demum
868 1518 1029 1581 manavit
1051 1518 1142 1581 falsa
1166 1534 1252 1580 con-

178 1626 291 1708 ceptio
313 1625 454 1689 habitus
478 1643 539 1689 seu
562 1624 692 1689 ordinis
711 1630 861 1689 naturae
879 1624 1061 1691 rationalis
1079 1624 1124 1687 ad
1143 1624 1252 1688 visio-

176 1751 256 1799 nem
288 1732 355 1798 Dei
386 1732 548 1798 lacialem
581 1736 617 1798 et
647 1732 803 1797 exclusio
827 1732 968 1796 tandem
990 1732 1125 1812 gratiae
1148 1733 1251 1796 habi·

175 1840 281 1906 tualis
304 1839 559 1905 sanctificantis
582 1858 641 1905 seu
667 1839 847 1905 elevantis.
870 1837 950 1919 Qua
968 1840 1151 1903 subtracta
1175 1840 1253 1904 iam

154 1966 290 2030 neque
323 1947 406 2011 ordo
437 1947 714 2029 supernaturalis
738 1949 889 2028 amplius
914 1947 1101 2011 subsistere
1124 1952 1255 2028 potest.

283 2054 413 2119 Ultimo
438 2054 554 2118 adhuc
578 2073 758 2120 monemus
780 2055 905 2137 omnia,
930 2073 1021 2137 quae
1045 2054 1256 2139 dixerimuS,

177 2179 240 2226 nos
264 2161 392 2227 dixisse
424 2162 587 2226 continuo
619 2180 704 2245 prae
737 2163 847 2227 oculis
880 2163 1000 2226 habito
1032 2166 1125 2227 statu
1151 2164 1251 2227 inno-

177 2269 325 2350 centiae;
350 2272 426 2350 post
450 2270 585 2350 lapsum
611 2270 702 2333 enim
736 2273 776 2334 ut
808 2271 880 2334 alia
912 2270 1061 2334 conditio
1089 2270 1256 2352 hominis,

178 2377 229 2440 ita
247 2377 318 2442 alia
338 2379 390 2442 cst
409 2380 443 2442 et
461 2378 584 2442 relatio
604 2377 668 2442 Dei
689 2377 734 2440 ad
753 2377 936 2459 hominem,
955 2382 994 2443 ut
1008 2378 1131 2442 docent
1146 2381 1256 2444 russi.

283 2483 436 2567 Longius
460 2501 545 2550 vero
569 2484 744 2549 immorati
768 2503 896 2568 sumus,
921 2503 1002 2549 cum
1024 2504 1081 2551 res
1100 2486 1256 2550 maximi

175 2592 341 2656 momenti
372 2596 464 2656 esset
496 2592 542 2655 ad
574 2591 845 2675 intelligendum,
876 2592 959 2674 quid
982 2593 1073 2656 russi
1096 2592 1254 2677 theologi

176 2702 212 2764 et
234 2699 417 2763 catholicis
440 2698 616 2763 obicerent
647 2704 683 2764 et
714 2699 779 2780 ipsi
802 2700 967 2765 docerent
988 2717 1056 2763 non
1080 2700 1182 2765 modo
1205 2701 1257 2767 de

179 2806 311 2872 iustitia
334 2806 493 2887 originali
517 2806 706 2872 sedetiam
730 2808 771 2873 de
795 2811 940 2889 peccato
972 2807 1074 2890 primi
1097 2809 1257 2873 hominis

180 2931 224 2977 ac
248 2914 290 2977 de
313 2919 434 2978 nostra
457 2914 711 2980 iustificatione.

284 3022 394 3085 Hisce
417 3021 582 3104 expositis
605 3040 763 3104 gressum
787 3023 935 3087 facimus
960 3023 1004 3087 ad
1028 3028 1136 3104 caput
1155 3027 1257 3107 quod

180 3129 345 3211 sequitur.
