2872 4666
547 76 786 143 -109-

33 288 347 356 possederint
356 310 467 375 neque
476 293 581 358 fuerit
590 293 790 376 quidquam,
803 292 838 355 in
853 311 922 376 quo
936 295 1200 376 perficerentur3

39 399 273 463 minime
304 398 370 464 ita:
403 418 606 483 quanquam
640 402 755 465 Adam
777 404 813 466 et
840 400 917 465 Eva
950 402 1030 483 puri
1061 408 1096 467 et
1128 406 1201 468 sine

45 510 278 578 peceato
297 525 316 570 e
335 507 496 572 manibus
514 508 581 574 Dei
600 509 810 591 prodierunt,
834 510 894 574 sed
917 511 1023 574 etiam
1042 511 1201 592 oportuit,

50 621 145 678 ut
177 614 225 677 in
251 614 341 677 bono
363 615 591 680 firmarentur
622 635 667 681 ac
699 617 952 698 perficerentur
984 619 1124 698 propria
1152 618 1201 680 in·

38 718 266 786 dustria
290 721 481 788 adiuvante
505 722 638 803 De021t
674 724 799 805 Itaque
822 724 994 788 rectitudo
1017 724 1086 805 illa,
1110 743 1201 808 quae

42 832 289 895 ceterum
323 829 453 910 passim
477 831 724 895 naturalis
747 832 850 913 primi
874 832 1022 896 hominis
1049 833 1201 914 qualitas

49 933 323 1018 vocatura,
347 953 451 1001 sensu
484 938 663 1003 carentiae
692 938 819 1020 culpae
842 939 1000 1022 sumitur,
1024 958 1092 1004 non
1117 957 1201 1005 vero

44 1060 232 1110 sensu
260 1042 430 1124 positivae
453 1045 603 1110 virtutis.

235 1149 293 1214 Ex
316 1151 411 1217 hisco
433 1153 595 1235 efficitur,
628 1153 664 1216 in
696 1170 849 1235 quonam
872 1153 1086 1233 potissimum
1111 1154 1201 1217 russi

57 1257 300 1326 recedant
322 1276 344 1321 a
367 1259 576 1324 catholicis?
623 1257 711 1324 Cum
742 1259 777 1323 hi
810 1260 896 1323 dant
929 1259 1057 1323 homini
1090 1260 1201 1342 primo

48 1364 355 1432 sanctitatem
379 1367 574 1448 positivam,
598 1367 648 1430 illi
671 1367 808 1430 nonnisi
831 1367 1047 1449 negativam:
1080 1385 1201 1432 caren-

63 1477 210 1538 tiam
239 1489 263 1534 a
287 1474 428 1537 macula
462 1474 606 1554 peccati.
654 1473 742 1539 Cum
775 1475 940 1538 catholici
972 1475 1201 1540 communiter

58 1583 314 1647 affirmant
349 1581 499 1661 primum
536 1582 709 1647 hominem
751 1581 1041 1665 aliqualiter
1083 1600 1201 1647 omnes

67 1690 282 1756 virtutes
305 1704 328 1750 a
351 1686 425 1752 Deo
448 1689 581 1753 infusas
615 1690 806 1771 accepisse;
839 1690 929 1754 russi
962 1708 1099 1754 omnem
1131 1690 1198 1753 vir·

67 1802 242 1864 tutem
274 1794 420 1859 hominis
457 1796 565 1860 libero
601 1797 773 1878 proposito
810 1797 1062 1879 acquirendam
1099 1797 1200 1862 relin-

64 1904 253 1988 quunt.
855 1889 857 1894 ’

239 2008 269 2072 l.
293 2004 392 2087 Quod
424 2026 485 2072 cor
517 2013 804 2090 protoparentum
837 2013 982 2092 spectat,
1015 2009 1101 2073 illud
1124 2014 1201 2075 erat

91 2133 267 2201 purum,
301 2115 399 2178 nulla
426 2134 465 2180 re
498 2116 692 2197 turbatum;
729 2120 941 2199 quapropter
979 2117 1082 2198 plena
1120 2135 1201 2180 cum

83 2226 294 2290 libertate
315 2222 362 2286 ad
385 2240 560 2286 summum
583 2224 712 2287 bonum
735 2224 820 2287 ferri
843 2227 979 2306 poterat
1002 2242 1046 2287 ac
1069 2225 1201 2289 fereba-

99 2340 194 2396 tur.
231 2329 333 2393 Altus
356 2332 469 2394 status
493 2331 635 2395 moralis
659 2336 944 2412 protoparentum
968 2333 1118 2396 affectus
1142 2349 1200 2413 ap-

106 2440 233 2522 paret
254 2454 301 2501 ex
323 2454 371 2518 co,
395 2439 486 2520 quod
513 2442 610 2503 «erat
633 2442 780 2521 uterque
803 2439 916 2502 nudus
940 2442 975 2503 et
994 2457 1062 2502 non
1081 2440 1201 2504 erube·

99 2546 297 2611 scebant»
322 2542 416 2621 (Gen.
440 2547 469 2628 2,
493 2546 556 2624 28).

242 2651 376 2715 «Pudor
394 2655 447 2717 est
465 2671 605 2718 sensum
619 2653 711 2717 illius
726 2655 890 2736 defectus,
913 2673 1017 2736 quem
1032 2654 1067 2717 in
1081 2663 1201 2718 nostra

122 2758 272 2843 propria
296 2760 506 2840 perfectione
525 2761 762 2845 perspicimus,
786 2762 974 2843 praecipue
993 2780 1133 2826 sensum
1152 2762 1200 2824 in-

115 2866 282 2931 ordinati
305 2867 488 2950 appetitus,
521 2868 582 2950 qui
605 2869 761 2932 animum
785 2872 943 2932 nostrum
967 2869 1110 2933 offendit
1133 2869 1200 2934 lae·

122 2975 259 3055 ditque.
300 2972 355 3046 nx
377 2993 445 3056 quo
469 2975 633 3057 sequitur,
659 2979 697 3039 ut
720 2975 821 3057 primi
847 2979 1009 3057 parentes
1033 2993 1101 3038 non
1125 2993 1201 3040 eru·

128 3079 271 3145 buerint
294 3098 374 3143 cum
399 3081 511 3145 nullos
534 3081 698 3164 defectus,
731 3082 844 3146 nullos
877 3082 1093 3147 inordinatae
1127 3100 1201 3147 sen·

129 3185 306 3251 sualitatis
329 3190 442 3252 motus
465 3189 717 3270 experirentur.
750 3189 879 3253 Eorum
902 3191 1052 3254 affectus
1075 3194 1201 3270 pacato

134 3293 339 3376 placidoque
375 3299 468 3358 statu
506 3299 666 3377 respectu
703 3298 813 3361 omnis
851 3296 1057 3360 incommodi
1094 3301 1200 3378 atque

242 3559 260 3625 ¹)
278 3557 403 3628 Manapin
421 3560 526 3613 Borocn.
546 3560 568 3627 Ι,
589 3565 604 3624 5
624 3561 666 3628 84,
686 3577 714 3629 p.
734 3561 795 3615 465.

240 3649 261 3714 ²)
278 3646 350 3716 Vgr.
371 3648 509 3718 dutapevn
526 3650 590 3718 qep.
620 3665 665 3718 op.
695 3666 718 3703 c.
747 3649 769 3717 I,
799 3650 896 3716 5129,
925 3651 1200 3718 p.198;—etiam

139 3732 258 3802 Annonill,
279 3752 325 3806 op.
344 3752 367 3791 c.
389 3742 404 3802 5
425 3739 484 3805 129,
504 3755 531 3808 p.
553 3739 612 3794 115.
