2872 4666
540 307 840 392 -33-‘

220 521 521 606 «Supernaturalis
553 540 638 587 vero
666 523 909 605 providentiae
933 524 1054 589 modus
1078 525 1184 591 iuxta

105 631 306 697 Macarium
342 634 427 694 tunc
463 633 525 712 est,
562 647 644 694 cum
680 630 859 694 hominum
891 649 1015 695 curam
1050 649 1176 714 gerens

104 739 205 804 Deus
228 728 277 803 ad¹
296 755 416 803 eorum
440 737 568 801 bonum
591 737 732 802 adhibet
751 737 864 802 media
883 739 1177 822 supernaturalia,

105 846 338 911 miraculosa»
355 844 384 924 ¹).
418 845 550 911 Deinde
582 844 760 909 Macarius
792 846 966 928 quaedam
989 848 1173 929 miracula,

103 971 199 1037 quae
223 953 470 1017 nonnullarum
495 969 723 1035 personarum
746 953 861 1034 gratia
884 953 920 1017 in
940 952 1015 1018 Vet
1034 958 1069 1019 et
1088 952 1178 1019 Nov.

107 1062 329 1127 Testamento
351 1060 448 1125 iacta
471 1064 582 1141 erant,
613 1064 797 1125 enumerat
829 1063 934 1144 atque
966 1061 1062 1127 hisce
1095 1079 1178 1126 con·

104 1167 231 1232 cludit:
268 1168 430 1234 «Praeter
462 1167 525 1231 hos
557 1166 789 1248 particulares
821 1169 1101 1250 supernaturalis
1138 1168 1183 1235 de

10 1339 12 1343 .
105 1275 248 1341 homine
279 1274 518 1358 providentiae
550 1292 663 1357 casus,
695 1276 755 1357 qui
787 1275 974 1340 admodum
1006 1277 1103 1341 varii
1138 1296 1183 1342 ac

103 1381 239 1448 diversi
263 1384 353 1464 sunt,
383 1381 453 1446 huc
485 1381 683 1463 specialiter
712 1384 848 1464 spectat
871 1385 943 1446 tota
967 1389 1176 1465 supernatu-

107 1490 238 1555 ralium
261 1489 402 1553 divinae
425 1488 643 1554 oeconomiae
666 1489 844 1554 actionum
863 1490 977 1573 series,
1000 1507 1089 1574 quas
1110 1491 1174 1556 Do-

109 1597 225 1662 minus
243 1597 381 1679 proprie
401 1599 438 1660 ut
455 1596 592 1679 generis
615 1596 759 1660 humani
783 1597 991 1679 Redemptor
1013 1602 1178 1680 operatus

103 1709 162 1771 est
184 1707 437 1786 operaturque»
456 1701 487 1782 ²).

217 1809 375 1876 Svietlov
390 1810 440 1874 ita
458 1809 581 1893 paucis
598 1810 687 1875 haec
706 1811 962 1893 complectitur:
983 1809 1183 1876 «Naturalis

107 1918 329 2000 providentia
349 1918 413 1983 Dei
433 1918 477 1981 ibi
497 1921 557 1999 est,
582 1917 640 1981 ubi
659 1918 803 1982 consilia
822 1918 943 1994 divina
962 1918 1186 1998 naturali,
1217 1984 1219 1986 ,

104 2025 189 2109 qui
213 2026 355 2089 semel
378 2043 400 2088 a
425 2025 515 2090 Deo
548 2029 704 2089 status
732 2028 811 2105 est,
844 2043 961 2090 rerum
985 2044 1092 2091 cursu
1117 2025 1177 2090 ad·

110 2132 300 2214 implentur
318 2133 382 2196 suh
402 2149 489 2196 cura
508 2137 626 2197 tamen
645 2137 679 2198 et
698 2133 942 2215 providentiali
966 2132 1180 2214 inspectione

104 2240 240 2304 divina.
266 2239 320 2303 Ad
335 2241 639 2321 supernaturalem
653 2259 738 2306 vero
753 2240 992 2321 providentiae
1007 2240 1181 2314 actionem

111 2347 286 2430 pertinent
304 2347 419 2410 omnia
439 2347 620 2428 miracula,
644 2348 753 2412 veluti
778 2366 820 2413 ea
843 2348 968 2431 quihus
989 2365 1044 2414 res
1063 2352 1184 2431 gestae

108 2453 292 2518 Ecclesiae
315 2452 380 2517 Dei
404 2457 473 2517 toto
496 2459 672 2518 terrarum
696 2455 778 2520 orbe
800 2455 1000 2519 abundant»
1020 2454 1051 2535 ³).

220 2559 317 2625 Haec
340 2560 427 2642 idea,
450 2579 521 2643 qua
540 2562 817 2643 supernaturalis
837 2562 1055 2644 providentia
1075 2562 1177 2626 mira-

106 2668 201 2732 culis
225 2667 413 2733 consistere
436 2669 628 2751 exhibetur,
652 2676 707 2733 sat
730 2670 924 2733 communis
946 2674 1000 2735 est
1023 2674 1040 2749 l.

219 2773 307 2858 Item
339 2774 569 2841 communiter
602 2777 694 2841 hanc
727 2777 1031 2857 supernaturalem
1068 2777 1183 2859 provi·

107 2882 267 2946 dentiam
290 2882 433 2964 speciali
452 2883 614 2947 modoad
633 2887 765 2947 statum
784 2884 931 2948 hominis
951 2889 1027 2965 post
1046 2885 1185 2965 lapsum

108 2991 269 3054 referunt
309 2991 496 3072 praecipue
538 3008 622 3055 vero
663 2991 709 3055 ad
751 3009 836 3072 opus
880 2996 1020 3055 nostrae
1058 2991 1183 3055 salutis

221 3257 242 3321 ¹)
260 3255 390 3324 Marapill.
410 3256 515 3309 Borocn.
535 3256 591 3324 1‚§
611 3257 671 3319 120,
691 3273 717 3326 p.
738 3257 803 3312 596.

220 3346 242 3410 ¹)
260 3345 391 3413 Manapilt.
405 3345 511 3399 Beroen.
530 3347 553 3413 Ι,
572 3350 587 3410 5
607 3346 666 3415 120,
687 3363 713 3415 p.
733 3347 884 3402 eoa-597.

221 3436 243 3499 ⁸)
261 3433 406 3500 Cahruorrn
427 3449 472 3503 op.
492 3450 516 3489 c.
535 3434 557 3501 1,
578 3439 593 3499 ἓ
612 3436 655 3501 31,
675 3451 702 3505 p.
722 3436 786 3490 343.

220 3526 242 3589 ⁴)
261 3523 392 3592 Manapiil.
417 3524 570 3578 Borocuoaie
596 3526 618 3591 l,
644 3526 739 3591 5120,
765 3542 791 3595 p.
811 3525 967 3591 net-5973
995 3555 1027 3561 -
1055 3523 1182 3588 Artemii,

102 3631 155 3684 op.
171 3629 195 3668 c.
212 3613 313 3681 l‚§88,
334 3630 360 3682 p.
375 3614 424 3681 903
443 3615 514 3682 591,
535 3631 561 3683 p.
577 3614 820 3682 913-Ceisrrroas‚
841 3630 886 3683 op.
901 3630 925 3668 c.
941 3615 963 3680 l,
983 3614 1056 3680 531,
1076 3629 1102 3682 p.
1118 3614 1181 3678 343,

102 3702 263 3770 ato-347,
282 3703 348 3768 3653
368 3734 401 3741 -
420 3703 566 3771 Pyreneus,
587 3718 631 3773 op.
651 3720 675 3758 c.
700 3707 715 3768 ἓ
733 3704 776 3772 48,
797 3720 823 3773 p.
844 3705 891 3771 863
913 3735 945 3741 -
964 3701 1112 3772 anopom,
1139 3720 1187 3772 op,

101 3813 129 3848 o..
149 3811 208 3846 mu.
228 3792 254 3860 t,
279 3808 306 3861 p.
326 3792 374 3860 943
395 3823 427 3831 -
446 3793 585 3861 hanapern
607 3794 690 3861 tlepu.
713 3794 818 3849 Boroca
838 3793 862 3861 I,
889 3793 965 3861 543,
995 3809 1022 3862 p.
1048 3793 1106 3860 142,
1136 3792 1187 3861 qui

104 3882 264 3939 miraculis
281 3883 371 3936 etiam
392 3883 560 3951 prophetias
579 3882 663 3937 addit
670 3903 677 3950 ;
696 3883 738 3936 ld.
760 3887 775 3947 5
794 3884 838 3950 95,
858 3900 885 3953 p.
908 3884 967 3938 146.

164 3994 208 4024 110οΤ
209 3993 245 4022 nitu
260 3993 351 4024 1081011111.
1063 3971 1081 4024 3
