2872 4666
606 272 840 338 -146-

186 488 315 551 amoris
338 504 422 571 erga
447 491 707 569 protoparentes
735 494 842 569 atque
876 492 1046 570 paternae
1075 491 1232 571 provida

185 612 254 676 que
277 611 385 658 curae
408 593 622 658 documentis
645 611 721 658 sese
744 594 911 675 prodidit»
928 595 957 675 ¹)

293 701 323 766 3.
342 701 529 784 Postquam
544 701 634 765 russi
653 701 835 766 ratione
854 701 1076 766 stabilierunt
1094 722 1145 769 ex
1159 722 1232 787 pan

186 807 333 872 hominis
355 809 550 872 absolutam
574 808 741 890 providae
764 809 1017 889 cooperationis
1040 810 1232 893 exigentia]

185 920 220 978 et
251 932 296 978 ex
328 920 428 997 parte
460 914 524 980 Dei
557 914 762 979 benevolam
794 916 949 980 eiusdem
986 919 1232 984 concessiones

188 1021 331 1086 ulterius
363 1022 555 1103 procedunt
587 1021 632 1084 ad
656 1021 970 1104 determinandum,
1001 1023 1119 1105 qualis
1153 1026 1232 1091 iuer

184 1136 219 1193 et
242 1129 277 1191 in
300 1146 368 1211 quo
392 1127 585 1193 constiterit
607 1128 668 1192 illa
692 1127 841 1209 provida
866 1127 930 1193 Dei
964 1131 1193 1212 cooperatio?
1217 1169 1232 1179 -

184 1236 275 1318 quod
309 1242 347 1299 ut
377 1236 522 1300 edicant
553 1235 623 1298 iam
655 1235 701 1298 ad
733 1252 919 1299 sacram
952 1235 1232 1318 Scripturar

184 1348 379 1408 recurrunt.
406 1342 593 1425 -Itaque
626 1342 807 1425 hucusque
838 1342 1074 1407 disserebatur
1112 1345 1232 1410 ration

185 1467 278 1513 nunc
300 1451 342 1513 fit
365 1451 532 1514 transitus
560 1449 605 1514 ad
629 1467 750 1513 sacras
775 1448 976 1531 Scripturas
1000 1467 1062 1514 seu
1085 1452 1232 1518 adrev<

184 1556 357 1621 lationem.

290 1661 376 1728 Cum
422 1664 512 1728 russi
553 1662 734 1745 Scriptura
780 1680 885 1728 sacra
928 1663 1017 1728 duce
1058 1666 1232 1746 generatir

182 1771 362 1835 ostendere
384 1770 516 1852 volunt,
539 1788 631 1853 quae
653 1770 759 1834 fuerit
783 1769 951 1851 providae
975 1769 1039 1835 Dei
1063 1789 1153 1853 erga
1186 1777 1232 1855 pri

183 1895 277 1940 mum
310 1877 482 1941 hominem
514 1877 691 1942 relationis
724 1877 865 1959 indoles,
900 1893 980 1942 eam
1003 1887 1232 1959 paternar

182 1984 603 2067 educatoriamque
626 1984 1097 2066 seupaedagogicam
1117 1985 1232 2050 dicum

182 2095 374 2173 paternam,
398 2095 436 2154 ut
455 2092 592 2172 largum
612 2090 676 2156 Dei
694 2109 850 2155 amorem
869 2108 954 2172 erga
973 2090 1149 2156 hominem
1168 2093 1232 2156 indi

181 2207 270 2282 cent,
294 2199 565 2282 paedagogicam
584 2217 678 2279 vero,
697 2203 735 2262 ut
754 2201 946 2263 monstrent
960 2198 1232 2279 providentialer

181 2305 277 2370 illam
311 2306 376 2371 Dei
407 2306 684 2388 cooperationem
716 2305 906 2386 praecipue
929 2305 1043 2382 (immo
1066 2323 1155 2370 vero
1178 2309 1231 2372 ier

181 2413 372 2492 exclusive)
394 2413 540 2477 hominis
563 2411 768 2478 educatione
791 2411 995 2492 constitisse,
1029 2411 1145 2477 Deum
1175 2431 1232 2495 prc

181 2519 302 2583 vidum
332 2537 417 2601 erga
450 2521 600 2602 primum
632 2520 804 2585 hominem
841 2520 1010 2600 imprimis
1047 2519 1232 2604 paedagog

180 2628 422 2708 praeceptoris,
447 2627 672 2692 moderatoris
696 2634 760 2691 etc.
785 2629 881 2691 vices
904 2625 1051 2708 gessisse
1064 2625 1094 2704 ²).

288 2733 444 2799 Svietlov
467 2752 506 2798 eo
531 2750 639 2816 usque
663 2735 858 2815 sagacitate
882 2733 1045 2814 procedit,
1079 2736 1119 2796 ut
1141 2735 1232 2799 etiau

181 2841 387 2922 methodum,
404 2858 511 2924 quam
527 2840 621 2905 Deus
640 2858 722 2904 cum
740 2841 913 2904 hominem
932 2839 1086 2904 erudiret
1105 2852 1232 2906 secutu

179 2953 240 3030 est,
263 2948 495 3014 determinare
517 2965 585 3011 non
608 2947 753 3013 dubitet:
780 2947 905 3027 «Deus,
929 2947 1040 3030 inquit
1063 2946 1131 3029 ille,
1163 2948 1230 3012 edu

179 3054 284 3118 cabat
321 3060 590 3137 protoparentes,
622 3071 704 3118 cum
736 3054 836 3119 daret
870 3054 919 3118 eis
951 3063 1180 3135 praeceptum
1211 3073 1230 3120 e

178 3163 344 3227 invitaret
376 3163 489 3228 Adam
522 3164 580 3245 qui
614 3164 753 3226 nomina
785 3162 1021 3227 animantibus
1044 3163 1232 3244 imponeret

177 3266 277 3350 Quod
300 3271 386 3334 nihil
409 3270 504 3333 aliud
523 3276 575 3334 est
594 3270 659 3333 nisi
679 3271 872 3351 symbolica
891 3287 951 3335 seu
970 3270 1159 3352 allegorica
1178 3269 1232 3334 De:

286 3485 304 3546 ¹)
323 3481 496 3548 Cnusnecrpa,
517 3495 562 3547 op.
582 3495 605 3533 o.
624 3479 676 3547 ill,
697 3483 712 3543 5
732 3479 774 3547 56,
794 3496 822 3548 p.
841 3479 901 3532 404.

285 3573 305 3636 ¹)
323 3569 500 3634 Tuxmmcuill,
517 3585 561 3638 op.
577 3568 723 3637 c.ll‚¹1ru.
740 3569 782 3636 10,
797 3584 824 3636 p.
842 3568 905 3621 124:
928 3568 985 3620 «Be
1002 3583 1105 3622 raama
1122 3582 1232 3622 masur

176 3677 193 3713 u
211 3674 639 3728 arn:rnennonpouuicuurennuuus,
654 3675 720 3710 raim
730 3674 845 3725 onaaara,
855 3673 980 3710 menecea
993 3671 1232 3712 aocnurareauuffl

176 3749 357 3801 ‹irrronrouiaxn
381 3764 417 3800 m,
444 3763 571 3816 uepnuns
597 3763 709 3807 nouam,
731 3750 930 3815 naotparaaerca
955 3745 1069 3809 Poenoue
1092 3764 1128 3800 ss
1145 3745 1232 3812 crap-

175 3838 277 3891 ncsim.
308 3866 340 3876 —
366 3836 511 3901 Calliroen»,
538 3850 582 3903 cp.
610 3852 633 3890 c.
662 3837 698 3904 ΙΙ,
726 3841 741 3901 ξ
768 3839 815 3902 56;
843 3866 875 3872 -
901 3835 1032 3905 Marapill.
1061 3837 1190 3890 Borboros.

176 3931 191 3990 ἓ
211 3927 257 3994 85;
278 3933 307 3981 ct
326 3927 386 3980 alii.
