2872 4666
571 374 813 439 -231-

548 688 830 746 ARTICULUS
856 689 894 743 ΙΙ.

272 799 323 870 nn
342 816 431 871 nnn
449 817 560 871 parm
579 815 740 872 nomios
758 815 832 872 suu
851 815 1144 872 nnsrmnnonn.

610 925 683 995 Pag.
702 926 818 981 68-92.

289 1068 311 1122 Ι.
331 1070 356 1122 1.
375 1069 419 1122 De
439 1084 498 1138 qua
516 1069 715 1123 destinatione
734 1071 836 1138 agitur
856 1075 886 1123 et
905 1084 1014 1122 nomen
1034 1070 1106 1123 eius.
1139 1069 1253 1124 Princi-

180 1159 273 1229 pium,
300 1174 358 1226 quo
378 1159 452 1212 russi
473 1160 504 1212 in
523 1157 697 1213 deducendo
723 1174 757 1212 ac
782 1158 1010 1214 determinando
1039 1160 1166 1214 hominis
1191 1161 1253 1215 fine

179 1249 327 1302 nituntur.
347 1247 426 1300 illud
440 1252 486 1301 est
500 1247 601 1316 imago
616 1246 672 1300 Dei
687 1262 738 1301 sen
757 1247 885 1302 hominis
899 1254 1016 1302 natura.
1030 1279 1063 1286 —
1072 1249 1099 1302 2.
1110 1249 1167 1313 Qui
1181 1249 1252 1302 finis

180 1338 308 1392 hominis
326 1338 358 1390 in
377 1335 492 1406 specie?
511 1335 666 1391 Sententia
685 1335 884 1391 Cathechismi
903 1337 1070 1392 Philaretis.
1098 1337 1254 1394 Sententia

179 1427 397 1495 theologorum.
424 1426 543 1495 Duplex
562 1442 664 1480 eornm
683 1427 792 1494 classis,
811 1427 969 1480 concordia
988 1429 1154 1496 utriusque.
1180 1427 1253 1481 Tres

180 1516 308 1570 hominis
327 1516 417 1568 fines:
436 1521 572 1584 respectu
592 1515 693 1569 habito
714 1517 777 1583 Dei,
798 1517 963 1584 suiipsius,
983 1522 1151 1570 ceterarum
1172 1533 1253 1571 crea·

178 1611 324 1660 turarum.
352 1605 506 1674 Theologi,
534 1608 585 1674 qui
611 1604 648 1659 ad
673 1611 812 1658 neutram
846 1621 862 1659 e
888 1605 1004 1659 duabus
1023 1607 1168 1660 classibus
1187 1622 1252 1676 per·

179 1695 293 1760 tinent;
307 1697 456 1748 sententia
466 1695 596 1748 Antonii.
618 1726 651 1733 —
671 1696 696 1748 3.
710 1694 863 1758 Quaedam
878 1695 916 1748 de
930 1696 1059 1749 hominis
1069 1696 1254 1749 evolutione:

178 1784 513 1838 evolationisterminus
522 1784 552 1836 in
561 1784 617 1837 hac
625 1785 728 1837 vitaet
736 1785 920 1853 perpetuitas
928 1785 959 1838 in
968 1785 1149 1838 altera-4.
1159 1784 1253 1848 Quae-

178 1873 251 1926 dam
270 1873 306 1927 de
325 1872 511 1926 heatitudine
536 1878 658 1926 aeterna
684 1878 713 1926 et
741 1874 858 1925 visione
877 1873 941 1926 Dei.
962 1903 994 1911 -
1014 1873 1039 1926 5.
1058 1870 1253 1927 Conclusione

181 1963 283 2031 paucis
292 1962 553 2030 comprehenditur
562 1977 714 2015 russorum
725 1962 861 2015 doctrina
870 1961 908 2014 de
918 1963 988 2028 fine,
1003 1977 1072 2030 pag.
1145 1961 1252 2016 68-81

288 2051 325 2104 ΙΙ.
345 2051 492 2104 Iudicium
511 2051 548 2104 de
567 2066 719 2104 russorum
743 2050 891 2104 doctrina:
921 2053 943 2103 1.
963 2051 1052 2104 Error
1077 2051 1108 2102 in
1136 2051 1252 2104 ratione

177 2144 212 2194 et
226 2140 313 2192 modo
327 2139 567 2208 argumentandi.
580 2171 611 2178 -
623 2141 648 2193 2.
659 2140 748 2193 Error
757 2141 789 2192 in
799 2139 948 2194 doctrina:
968 2139 1154 2208 Expenditur
1173 2141 1253 2208 prin·

182 2229 291 2296 cipium
312 2242 349 2281 ex
367 2243 427 2296 quo
447 2229 522 2281 russi
536 2227 688 2282 deducunt
703 2229 830 2281 hominis
846 2229 946 2281 flnem.
966 2225 1177 2282 Consideratur
1191 2230 1254 2297 ipse

181 2318 251 2371 finis
277 2319 409 2372 ultimus.
441 2318 477 2372 In
505 2333 563 2387 quo
589 2333 669 2372 error
695 2316 848 2370 consistit?
880 2318 925 2371 De
944 2317 1057 2386 duplici
1082 2319 1254 2387 cognitione

182 2407 238 2461 Dei
256 2408 288 2460 in
307 2413 388 2461 statu
402 2409 535 2461 termini:
555 2407 736 2461 abstractiva
751 2412 781 2460 et
796 2408 954 2473 intuitiva;
975 2410 1051 2461 russi
1066 2408 1254 2462 confundunt

181 2500 348 2564 utramque.
369 2527 401 2534 -
420 2497 446 2551 3.
466 2496 631 2550 Discrimen
650 2497 729 2551 inter
747 2495 908 2549 catholicos
935 2501 964 2549 et
992 2511 1089 2548 russos
1118 2501 1254 2565 respectu

181 2585 282 2638 ultimi
301 2586 380 2653 finis,
399 2600 468 2654 pag.
532 2623 896 2640 .........
914 2609 940 2636 >.
979 2623 985 2637 .
1024 2623 1029 2634 .
1069 2623 1074 2634 .
1148 2584 1256 2639 81-92

540 2781 819 2838 ARTICULUS
845 2783 897 2836 ΙΙΙ.

179 2888 382 2944 APTITUDO
407 2890 518 2945 PRIMI
545 2888 705 2945 HOMINIS
730 2891 782 2944 AD
808 2889 914 2946 SUAM
941 2887 1255 2944 DESTINATIONEM

406 2997 695 3068 ADIMPLENDAM
713 2996 786 3052 SEU
805 2996 1024 3052 PERFECTIO.

611 3107 685 3174 Pag.
705 3107 837 3161 92-141.

292 3231 314 3284 I.
336 3233 359 3284 1.
380 3231 424 3285 De
439 3248 499 3301 qua
512 3233 696 3301 perfectione
712 3233 759 3285 hic
773 3230 893 3300 agitur?
912 3263 938 3270 —
965 3232 990 3286 2.
1009 3231 1071 3294 Quo
1086 3231 1256 3285 continetur

184 3320 257 3373 haec
275 3322 418 3388 perfectio
439 3337 491 3375 seu
510 3322 547 3374 de
565 3322 756 3391 proportione
776 3337 852 3388 quae
871 3322 950 3373 inter
969 3326 1107 3374 naturam
1127 3320 1255 3373 hominis

184 3414 215 3462 et
234 3408 462 3464 destinationem
482 3410 655 3475 intercedit3
675 3415 855 3478 argumenta
874 3410 981 3477 quibus
996 3424 1032 3462 ea
1045 3408 1203 3477 probatum
1223 3409 1254 3460 in

183 3513 244 3567 quo
273 3500 348 3552 russi
377 3500 432 3553 hac
457 3502 488 3553 in
516 3515 548 3553 re
577 3499 724 3573 differunt
750 3516 768 3552 a
794 3497 970 3553 catholicis?
991 3529 1022 3538 -
1043 3499 1067 3552 3.
1087 3497 1169 3560 Quae
1195 3498 1255 3552 fuit

184 3587 273 3656 primi
299 3587 425 3642 hominis
452 3590 595 3658 perfectio
621 3587 720 3642 inse?
752 3587 939 3646 Obiectiones
958 3586 1255 3654 eontra-catholicum

185 3691 289 3730 earum
308 3679 384 3730 ratio
404 3684 434 3731 et
452 3679 544 3731 valor.
565 3708 597 3715 -
617 3679 642 3731 4.
663 3678 806 3731 Doctrina
833 3692 982 3730 rassorum
1008 3677 1147 3745 positiva.
1185 3675 1255 3729 Per·

183 3766 274 3819 lectio
294 3765 419 3820 hominis
439 3767 470 3820 in
489 3782 600 3834 genere
619 3767 849 3823 determinatur:
876 3768 907 3818 in
934 3780 992 3834 quo
1013 3767 1090 3818 russi
1109 3765 1255 3819 differunt

183 3872 202 3910 a
222 3857 373 3909 catholicis
392 3857 447 3909 hac
466 3857 496 3909 in
516 3872 556 3909 re.
577 3887 610 3894 —
629 3857 654 3910 5.
674 3856 821 3909 Perfectio
847 3855 974 3908 hominis
993 3855 1023 3907 in
1044 3855 1139 3923 specie
1159 3853 1255 3907 deter-

183 3946 318 4000 minatur
337 3951 401 3999 tum
421 3951 566 4014 quantum
592 3945 630 3999 ad
657 3947 787 4000 animam
814 3949 880 3998 tum
904 3949 1050 4013 quantum
1076 3944 1114 3998 ad
1141 3959 1254 4011 corpus.

182 4035 337 4099 Quantum
363 4036 400 4089 ad
425 4037 570 4089 animam:
598 4036 745 4090 Perfectio
764 4035 950 4103 intellectus;
976 4034 1007 4086 in
1027 4050 1084 4102 quo
1103 4031 1257 4087 consistit?
