2872 4666
614 143 832 207 ..77-

295 356 430 422 «Estote
453 356 597 438 perfecti
630 357 721 420 sicut
752 361 787 420 et
819 359 1060 439 paternoster
1094 355 1253 421 coelestis

178 467 361 548 perlectus
391 467 456 529 est:
489 464 555 527 hoc
587 468 648 546 est,
681 464 793 547 inquit
822 463 994 545 FavomV,
1026 464 1254 546 praecipuum

180 571 332 636 hominis
355 571 518 652 officium,
551 571 651 635 cuius
685 572 884 652 adimpletio
917 589 999 635 cum
1032 571 1067 633 in
1100 575 1255 652 tempore

181 681 315 761 incipit,
347 679 544 742 continuari
576 678 677 743 debet
713 679 749 742 in
787 682 987 743 aeternum»
1005 678 1033 757 ¹).
1083 677 1187 742 «Iusti
1220 679 1255 741 in

177 787 299 866 coelis,
323 786 435 869 inquit
458 787 645 868 Macarius
678 805 746 870 quo
781 787 894 868 magis
925 791 1031 869 atque
1055 786 1166 869 magis
1190 784 1255 850 Dei

182 894 414 976 perfectiones
434 895 660 959 intuebuntur
683 898 718 959 et
736 911 798 958 suo
817 895 995 960 intellectu
1015 899 1254 977 assequentur,

177 1021 224 1068 eo
249 1003 381 1066 maiore
403 1006 508 1084 atque
532 1002 662 1066 maiore
686 1002 768 1066 Eius
800 1019 919 1066 amore
942 1002 1188 1084 accendentur,
1216 1021 1256 1067 eo

184 1109 299 1193 magis
323 1113 428 1191 atque
451 1110 562 1190 magis
590 1109 843 1174 inobedientia
877 1127 962 1193 erga
996 1110 1078 1173 Eius
1111 1111 1256 1174 sanctis-

179 1217 312 1282 simam
334 1217 552 1280 voluntatem
575 1216 802 1298 perficientur
824 1219 933 1298 atquc
951 1235 991 1281 eo
1010 1217 1121 1298 magis
1145 1233 1256 1280 mora-

182 1326 266 1388 liter
289 1324 329 1387 Εἰ
352 1323 657 1387 assimilabuntur»
674 1322 703 1402 ἵ).
731 1321 826 1403 «Quo
845 1341 930 1387 vero
949 1324 1060 1407 magis
1084 1324 1119 1386 in
1139 1340 1256 1404 amore

182 1432 254 1498 Dei
279 1436 445 1514 crescent,
468 1450 508 1496 eo
532 1431 566 1494 in
591 1432 697 1496 etiam
721 1436 827 1514 atque
851 1432 957 1496 etiam
980 1432 1167 1497 arctiorem
1191 1431 1256 1496 Dei

183 1540 349 1604 unionem
369 1539 557 1619 intrabunt,
573 1547 608 1604 et
624 1539 666 1602 ob
677 1539 710 1603 id
723 1539 834 1621 ipsum
851 1539 1017 1604 maiorem
1034 1544 1139 1622 atque
1153 1540 1257 1602 maio-

180 1647 521 1713 rembeatitudinem
531 1650 806 1729 consequentur»
814 1645 843 1724 ³).
858 1646 1013 1710 «Primus
1027 1648 1128 1711 homo
1139 1647 1174 1709 in
1184 1646 1254 1710 suis

190 1753 433 1837 spiritualibus
456 1753 602 1818 viribus:
627 1754 805 1819 intellectu
829 1757 864 1819 et
887 1754 1068 1819 voluntate
1092 1752 1254 1817 habuisse

178 1861 319 1926 dicitur
348 1861 621 1942 potentissimum
645 1861 796 1926 medium
820 1860 864 1924 ad
888 1860 1061 1924 infinitam
1089 1860 1255 1925 evolutio·

183 1987 289 2034 nem»
303 1967 334 2047 ‘t
379 1968 484 2032 quta
518 1968 691 2033 Piatnicki
727 1968 822 2031 «vita
846 1971 990 2032 aeterna
1013 1972 1067 2032 est
1090 1968 1256 2032 continua

177 2075 340 2142 evolutio
360 2077 432 2140 sine
450 2077 520 2141 tine
535 2079 570 2140 et
584 2076 836 2157 impedimentis
855 2075 947 2138 illius
967 2075 1143 2140 deisimilis
1158 2075 1256 2140 intel·
1300 2158 1303 2166 Ι

183 2185 302 2249 lectus
332 2186 367 2248 et
398 2184 589 2247 voluntatis
624 2184 830 2266 tendentiae,
863 2184 919 2247 cui
954 2183 1012 2248 hic
1044 2184 1258 2270 solummodo

183 2290 324 2355 initium
340 2292 487 2372 positum
502 2293 572 2355 est»
588 2288 617 2370 ⁶).
633 2289 732 2370 Quae
746 2292 862 2355 nescio
881 2292 1050 2374 quomodo
1069 2291 1160 2355 russi
1175 2308 1256 2354 cum

183 2398 325 2462 notione
344 2397 565 2463 beatitudinis
585 2400 803 2480 componant,
827 2398 902 2462 sive
922 2401 960 2461 ut
979 2403 1092 2461 status
1110 2398 1257 2479 termini,

179 2505 265 2571 sive
297 2510 335 2567 ut
358 2505 468 2568 ultimi
501 2509 602 2570 actus
635 2523 703 2588 quo
731 2523 905 2569 summum
929 2505 1111 2586 attingitur
1143 2522 1257 2569 omue-

179 2631 256 2696 que
279 2612 487 2677 desiderium
510 2613 681 2694 expletur.

295 2722 324 2784 4.
353 2718 532 2799 Quantum
570 2738 654 2785 vero
691 2721 736 2783 ad
773 2720 1023 2784 beatitudinem
1064 2724 1256 2802 aeternam,

177 2845 265 2894 eam
289 2828 389 2909 russi,
423 2832 460 2890 ut
491 2828 651 2909 vidimus,
683 2828 822 2909 analysi
856 2827 1056 2892 subiciendo
1091 2832 1257 2891 naturam

298 3167 317 3229 ¹)
336 3165 483 3233 (lampone,
503 3181 547 3234 op.
576 3181 598 3219 c.
626 3184 681 3219 mu.
702 3167 727 3230 6,
748 3184 773 3236 p.
795 3168 836 3221 89.

296 3256 317 3318 ’l
335 3253 464 3323 Manapiil.
483 3256 619 3309 Boroouon.
639 3256 676 3323 Il,
697 3261 712 3320 ς
732 3257 792 3324 272,
813 3272 840 3324 p.
860 3257 926 3321 6643
945 3255 1026 3309 Conf.
1046 3246 1193 3321 Pyianons.
1211 3269 1256 3323 op.

176 3360 207 3399 c.
228 3349 244 3409 ξ
267 3343 329 3409 110,
348 3359 375 3412 p.
396 3345 455 3399 190.

295 3433 317 3495 ⁸)
335 3431 480 3500 Pynauoim,
508 3449 552 3502 op.
573 3450 588 3488 c
617 3439 631 3498 ἓ
653 3435 711 3501 110,
731 3452 758 3504 p.
776 3435 834 3489 190.

295 3524 317 3587 ⁴)
336 3521 514 3592 Tmrorfflpons
536 3524 586 3587 lln.
612 3526 659 3577 An.
687 3524 779 3593 lippus
807 3523 920 3578 Ocuoari.
946 3523 1109 3576 Borocooaia.
1138 3522 1201 3583 lim
1232 3521 1257 3574 2.

174 3614 262 3670 CIIB.
287 3613 365 3679 1897,
386 3629 412 3681 p.
433 3615 474 3668 15.

295 3705 316 3767 ³)
335 3701 500 3765 Haraumriil.
520 3704 646 3763 Basienis
660 3722 696 3756 ss
714 3705 798 3773 llpan.
818 3705 954 3760 Borocms.
982 3702 1153 3771 Critspouonn
1181 3701 1257 3767 1893,

174 3796 262 3862 547,
285 3808 312 3861 p.
335 3793 393 3847 193.
