2872 4666
606 371 827 436 „58-

175 603 199 647 a
222 584 296 649 Deo
315 585 426 648 solam
449 587 638 668 potentiam
670 604 731 651 seu
764 587 1027 668 possibilitatem
1060 590 1141 654 eius
1171 589 1257 653 obti-

176 711 300 758 nemus
313 692 342 770 ¹t
367 729 407 738 -
430 692 552 776 Imago
574 702 627 758 est
646 711 728 775 pars
746 695 885 760 animae
904 695 1092 760 immobilis
1110 703 1148 762 et
1168 697 1258 772 fixa3

176 801 364 866 similitudo
388 801 522 865 variari
544 808 580 867 et
603 802 731 865 mutari
756 806 879 883 potest:
918 809 1045 868 «estote
1078 822 1168 887 ergo
1193 823 1257 869 vos

178 909 332 990 perfecti,
356 909 446 972 sieut
469 915 504 973 et
528 917 627 990 pater
651 914 768 973 vester
791 909 950 974 eoelestis
973 912 1156 992 perfectus
1181 921 1253 977 ast»

174 1015 310 1091 (Matth.
333 1017 363 1096 ε’),
386 1015 440 1093 48)
471 1024 524 1080 est
556 1017 724 1080 terminus
747 1016 792 1080 ad
815 1034 919 1099 quem
942 1018 1062 1080 anima
1088 1022 1130 1082 ut
1152 1036 1256 1083 scan-

175 1124 239 1187 dat
258 1141 385 1188 curare
404 1122 513 1188 debet.
537 1123 658 1204 Imago
671 1123 737 1204 ipsi
752 1130 900 1189 naturae
919 1131 1060 1190 nostrae
1079 1125 1256 1207 impressa

175 1235 239 1314 est,
264 1231 406 1313 ideoque
430 1231 672 1312 inseparabilis
695 1232 740 1296 ab
764 1250 816 1312 ea,
847 1236 883 1296 et
906 1233 1049 1313 perinde
1077 1239 1191 1316 atque
1214 1251 1255 1299 ea

176 1339 403 1402 immutabilis
425 1343 491 1420 ast3
515 1339 702 1403 similitudo
724 1346 844 1403 autem
861 1357 908 1404 ex
927 1344 1046 1403 nostra
1066 1341 1255 1406 voluntate

178 1448 304 1529 pendet
318 1453 352 1511 et
366 1446 518 1528 arbitrio,
538 1464 669 1527 -ergo
686 1465 766 1511 eam
784 1447 969 1529 acquirere
987 1464 1176 1528 possumus
1196 1447 1256 1514 sed

179 1556 311 1638 pariter
333 1562 368 1620 et
392 1554 536 1636 perdere
560 1555 687 1618 nostris
710 1555 872 1636 peccatis,
906 1553 997 1634 Ergo
1020 1555 1193 1637 sequitur,
1219 1560 1256 1619 ut

178 1664 293 1745 imago
316 1664 421 1727 etiam
445 1663 481 1725 in
504 1663 641 1726 homine
664 1661 762 1742 lapso
787 1662 1062 1742 remaneat'etsi
1083 1665 1255 1744 corrupta

175 1771 231 1844 sit,
255 1771 450 1850 depravata
474 1768 582 1848 etc²l

284 1875 464 1957 Quantum
483 1879 529 1942 ad
549 1879 698 1959 primum
723 1877 905 1957 homiuem,
927 1876 1042 1958 imago
1068 1882 1166 1940 «tota
1190 1895 1254 1948 sua

177 1986 331 2067 puritate
354 1986 389 2048 iu
413 2005 452 2050 eo
476 1985 712 2066 splendebat»,
740 1984 928 2048 similitudo
950 1986 1029 2049 erat
1050 1983 1088 2047 in
1111 2003 1153 2050 eo
1178 1992 1252 2048 tan·

176 2093 354 2157 tummodo
381 2093 640 2174 «ingemina»,
668 2093 721 2156 «iu
750 2092 910 2157 semiue».
956 2091 1153 2173 Imaginem
1180 2111 1254 2175 pos·

176 2201 312 2265 sidebat
337 2201 394 2264 ille
418 2202 518 2282 plene
540 2207 575 2265 et
601 2202 764 2280 perfecta
792 2209 965 2282 quantum
987 2200 1031 2262 ad
1056 2199 1255 2263 similitudi-

179 2327 268 2389 nem,
292 2310 336 2372 ad
360 2327 437 2372 eam
462 2308 675 2372 solummodo
698 2308 839 2372 tendere
862 2306 990 2386 debuit,
1022 2324 1064 2370 ea
1098 2311 1181 2371 erat
1205 2325 1253 2372 so·

178 2415 353 2480 lummodo
368 2417 604 2498 accquireuda
620 2417 767 2497 propriis
778 2415 912 2478 viribus
926 2413 1121 2479 adiuvante
1134 2415 1255 2496 gratia

175 2524 299 2588 divina
312 2523 341 2601 ³).
364 2523 514 2606 «Itaque,
535 2534 572 2586 ut
592 2523 709 2588 verbis
728 2521 931 2587 Tiohvinslri
951 2525 1040 2603 utar,
1058 2521 1256 2602 spiritualis

180 2631 398 2714 moralisque,
421 2650 511 2714 quae
535 2630 722 2694 individuis
745 2629 948 2711 attingenda
962 2632 1014 2693 est
1028 2628 1177 2711 viribuS,
1203 2630 1257 2694 aui

174 2740 331 2804 evolutio
355 2739 564 2821 simulatque
588 2738 754 2820 perfectio
772 2742 807 2802 et
825 2737 1004 2801 coustituit
1026 2736 1126 2800 illam
1144 2737 1257 2818 viam,

176 2865 249 2930 qua
274 2846 374 2910 homo
397 2845 681 2910 assimilationem
707 2844 771 2908 Dei
799 2844 906 2910 libere
930 2844 1115 2926 acquirere
1140 2849 1258 2924 potest

178 2971 241 3035 pro
265 2954 336 3016 suis
359 2954 494 3018 viribus
519 2953 766 3034 spiritualibus.
791 2950 867 3015 Hoc
891 2969 995 3016 sensu
1019 2951 1138 3031 plures
1165 2951 1257 3016 anti-

176 3060 239 3142 qui
262 3060 441 3126 Ecclesiae
459 3062 617 3126 doctores
636 3059 873 3141 affirmabant,
896 3077 977 3123 cum
1000 3058 1154 3140 imago
1182 3058 1258 3124 Dei

290 3332 309 3396 ¹)
327 3328 458 3396 Mauapili.
479 3327 632 3380 Boroeroaie
651 3327 673 3394 I,
693 3326 736 3391 82,
756 3341 783 3393 p.
802 3325 863 3379 457.

288 3421 307 3483 ²)
325 3418 457 3487 Manapill.
477 3416 637 3470 Boreomaie.
658 3417 679 3482 Ι,
707 3415 784 3481 582,
804 3430 830 3483 p.
851 3414 916 3479 54&
937 3442 969 3451 -
989 3411 1135 3466 Cubnaoun.
1163 3428 1214 3482 op.
1234 3428 1258 3466 c.

180 3507 202 3574 1,
229 3509 306 3575 526,
336 3507 792 3577 p.301-302;-ltpe11aeu111n.,
821 3521 864 3572 ορ.
893 3519 917 3556 e.
946 3501 968 3569 I,
997 3505 1012 3567 5
1042 3501 1203 3570 191-194;
1225 3533 1257 3540 -

178 3597 326 3664 Pygtauoao,
347 3614 392 3666 op.
412 3614 435 3651 c.
456 3602 471 3661 ἓ
490 3598 533 3664 36,
554 3613 580 3665 p.
600 3597 643 3650 69.

290 3691 311 3754 ⁸)
330 3687 504 3755 Ciruauempo,
525 3703 570 3756 op.
590 3702 613 3739 e.
634 3686 686 3752 ΙΙΙ,
707 3690 722 3749 ς
742 3684 785 3750 44,
804 3700 831 3752 p.
851 3681 1007 3748 ‘rso-2833
1027 3684 1042 3746 ἓ
1061 3680 1104 3748 56,
1124 3681 1256 3749 p.402-

178 3779 244 3841 403;
266 3782 281 3842 5
301 3779 344 3844 58,
364 3794 390 3845 p.
410 3777 474 3840 416;
497 3807 529 3813 -
549 3774 727 3839 Tamascani,
758 3789 803 3842 op.
832 3788 855 3825 c.
882 3771 919 3839 ΙΙ,
948 3788 1004 3824 um.
1030 3771 1055 3837 8,
1085 3769 1257 3838 p.102;-

177 3867 328 3937 Oaaoporra,
358 3884 396 3935 op.
426 3885 446 3918 c.
476 3883 532 3919 aru.
556 3868 580 3933 6,
609 3882 635 3933 p.
661 3866 708 3932 893
738 3895 770 3902 -
798 3862 927 3932 Manapin.
953 3859 1106 3914 Borocuoaie
1126 3859 1147 3927 Ι,
1175 3860 1258 3929 582,

180 3975 207 4027 p.
228 3957 378 4012 lto-458.
400 3986 432 3993 -
453 3955 533 4009 Haec
554 3955 718 4024 probantur·
736 3954 828 4007 etiam
848 3953 898 4018 eis,
925 3965 1001 4019 quae
1027 3950 1104 4002 russi
1130 3948 1168 4002 da
1190 3965 1257 4019 per·

180 4047 307 4101 lectione
329 4045 415 4113 primi
435 4045 562 4097 hominis
581 4043 697 4108 docent,
716 4043 752 4095 de
773 4043 881 4111 quibus
902 4042 987 4094 infra.
