2872 4666
693 381 935 446 -230-

283 595 316 645 et
333 591 471 646 relativa.
491 590 535 645 De
550 592 739 661 providentia
754 596 886 648 naturali
901 600 931 650 et
946 596 1177 665 supernaturali.
1198 596 1243 649 De
1259 610 1364 649 ncces-

284 681 372 734 sitatc
393 680 534 749 providae
553 682 777 750 cooperationis,
795 690 830 737 ut
849 690 987 739 ereatura
1006 685 1097 738 etiam
1112 685 1255 739 innocens
1272 700 1365 740 suum

284 771 378 824 finem
397 775 581 840 assequatur.
604 802 636 811 -
655 772 680 826 6.
701 770 823 827 Summa
848 772 1026 829 discriminis
1052 775 1132 829 inter
1150 790 1250 829 russos
1278 775 1364 828 theo·

284 859 370 928 logos
388 863 419 912 ct
438 859 577 914 catolicos
595 861 627 914 in
645 862 837 931 conpriendo
857 864 986 918 transitu
1004 880 1023 917 a
1041 869 1151 919 natura
1169 865 1201 917 in
1221 864 1364 919 ordinem

283 949 323 1003 ad
333 949 479 1002 visionem
490 947 553 1002 Dei.
573 947 669 1004 Causa
679 954 711 1004 et
720 949 808 1004 radix
822 967 975 1006 russorum
986 955 1102 1021 erroris,
1121 969 1190 1022 pag.
1250 953 1363 1006 12-40

729 1137 857 1194 CAPUT
875 1139 914 1195 ΙΙ.

285 1244 501 1313 HISTORIA
512 1246 671 1313 LATINI
680 1245 812 1355 QUEM
823 1247 954 1319 RUSSI
970 1246 1144 1315 DICUNT
1154 1246 1365 1315 ERRORIS.

717 1372 926 1441 aguam

394 1507 418 1558 1.
437 1505 613 1575 Exponitur‚
641 1506 714 1574 quld
741 1507 818 1560 russi
837 1506 874 1560 de
895 1507 1009 1577 origiue
1029 1512 1059 1561 et
1078 1508 1250 1562 evolutione
1272 1509 1366 1571 latIni

285 1592 434 1662 dogmatis
453 1600 585 1649 narrent.
606 1593 748 1664 Pelagius
768 1601 798 1651 et
817 1612 839 1652 s.
858 1595 1059 1665 Augustinus.
1086 1595 1247 1650 Anselmus
1275 1593 1365 1650 Cant.

285 1679 451 1737 Concilium
470 1683 550 1738 Trid.
570 1689 600 1738 et
619 1684 691 1739 Pius
710 1685 761 1741 IX.
781 1701 842 1754 pag
844 1723 1177 1742 ........
1252 1686 1367 1740 41-44

394 1773 419 1826 2.
439 1771 545 1826 Paucis
573 1775 746 1828 refutantur
776 1779 836 1828 tres
865 1791 1019 1829 1ussorum
1048 1775 1227 1829 obiectiones
1256 1780 1366 1829 contra

286 1860 460 1914 catholicos:
480 1863 508 1928 a)
521 1862 596 1916 falso
611 1868 792 1917 occusantur
806 1865 943 1918 catholici
957 1865 1107 1933 novitatis,
1127 1864 1158 1930 b)
1176 1879 1198 1917 s.
1212 1863 1365 1932 Augusti-

287 1965 345 2003 nus
364 1951 605 2019 protestantismi,
632 1954 659 2018 c)
678 1954 749 2006 item
776 1952 851 2006 falso
870 1961 1049 2007 accusantur
1067 1952 1206 2007 catholici
1225 1954 1366 2022 pelagia-

288 2053 385 2106 numi,
405 2054 473 2108 pag.

722 2227 850 2284 CAPUT
869 2228 921 2281 III.

288 2333 488 2402 RELATIO
503 2336 582 2401 DEI
596 2335 847 2403 CREATORIS
857 2339 923 2402 AD
933 2337 1116 2403 PRIMUM
1132 2335 1368 2406 HOMINEM.

709 2461 934 2529 mgnum

399 2564 1181 2638 owmmflmmommmpg.....
1255 2569 1368 2625 som

666 2711 939 2768 ARTICULUS
963 2714 986 2769 I.

362 2819 414 2872 DE
432 2818 598 2874 IMAGINE
616 2820 665 2873 ΕΤ
686 2819 958 2874 SIMILITUDINE
977 2819 1043 2873 DEI
1062 2819 1103 2874 IN
1123 2819 1285 2875 HOMINE.

719 2927 792 2995 Pag.
812 2928 926 2983 52-68.

402 3064 425 3116 1.
445 3062 628 3116 Momentum
648 3064 791 3130 imaginis
807 3069 836 3117 et
851 3062 1056 3117 similliudinis
1075 3062 1232 3116 notionum
1252 3062 1286 3114 in
1303 3078 1370 3116 rus-

292 3155 353 3206 sica
368 3145 526 3221 theologia.
548 3182 581 3189 —
601 3151 625 3204 2.
645 3150 715 3220 lpsa
729 3167 882 3205 russorum
897 3151 1046 3207 doctriua:
1065 3151 1154 3204 Russi
1168 3150 1370 3218 distinguunt

292 3243 372 3295 Inter
382 3241 546 3308 imaginem
561 3244 590 3294 ot
606 3240 842 3295 cImilitudinem.
861 3239 937 3304 Quid
952 3238 1071 3308 imago?
1089 3238 1166 3302 Quid
1180 3239 1372 3293 similitudo?

293 3331 409 3385 Relatio
435 3330 514 3384 inter
540 3333 709 3398 utramque.
736 3329 888 3394 Quomodo
908 3330 1054 3383 alterutra
1072 3329 1168 3398 primo
1187 3327 1304 3381 homini
1324 3330 1372 3382 in-

292 3419 375 3474 erat?
395 3450 428 3458 -
448 3421 473 3474 3.
492 3418 569 3482 Quid
589 3418 779 3473 sentiendum
805 3426 850 3473 cst
876 3420 912 3472 de
932 3434 1084 3472 russorum
1109 3416 1270 3471 doctrina?
1295 3417 1372 3473 Res·

293 3515 404 3578 pectus
431 3509 486 3562 sub
506 3524 563 3577 quo
582 3523 684 3561 eorum
711 3508 846 3563 doctrina
871 3509 1083 3562 consideratur.
1121 3507 1163 3560 Ea
1189 3522 1249 3561 non
1275 3508 1374 3576 probe

294 3599 477 3667 intelligitur
495 3602 593 3667 neque
613 3599 753 3666 exprimit
773 3603 866 3652 totam
886 3599 973 3666 primi
993 3597 1120 3650 hominis
1139 3596 1373 3664 perfectionem:

294 3690 437 3757 practerIt
452 3688 582 3755 gratiam
597 3689 846 3753 sanctificantem,
866 3687 1021 3740 scientiam
1037 3687 1167 3740 infusam
1183 3691 1213 3738 et
1227 3687 1374 3756 virtutes,

294 3779 442 3830 incertum
457 3782 510 3844 est,
525 3792 597 3829 num
614 3781 705 3847 ponat
720 3782 750 3829 et
765 3777 817 3830 ubi
832 3780 931 3829 cetera
945 3776 1025 3829 dona
1039 3776 1325 3842 praeternaturalia.
1338 3808 1373 3815 —

294 3867 320 3919 4.
335 3866 500 3918 Discrimcn
513 3867 592 3918 inter
601 3881 701 3918 russos
713 3872 741 3918 et
752 3865 911 3919 catholicos
925 3866 957 3918 in
967 3865 1022 3918 hac
1033 3879 1074 3916 re.
1086 3862 1229 3916 Doctrina
1244 3879 1267 3917 s.
1279 3863 1299 3917 J
1301 3881 1374 3919 oan-

295 3955 341 4008 nis
361 3954 544 4008 Damasceni
574 3985 604 3992 -
631 3956 655 4008 5.
675 3954 773 4007 Radix
792 3970 941 4006 russorum
961 3955 1069 4006 erroris
1088 3953 1119 4006 in
1138 3953 1194 4006 hoc
1212 3952 1376 4009 doctrinae

295 4046 400 4113 capite.
421 4045 563 4097 Doctrina
583 4059 604 4095 s.
616 4042 754 4112 Gregorii
775 4044 912 4112 Nysseui,
932 4040 1097 4096 Couclusi0.
1116 4057 1186 4110 pag.
1263 4044 1376 4100 52-68
